3106 4822
657 1017 810 1082 CAPUT
832 1019 888 1082 ΙΙΙ.

312 1201 316 1210 ’
368 1206 423 1266 Da
446 1219 509 1267 oar
532 1217 768 1280 sanctirum,
792 1218 959 1279 russum,
983 1218 1176 1268 varianas.

698 1414 844 1422 Μ

257 1601 413 1663 Nonnulli
438 1602 482 1664 dii
506 1603 539 1663 in
562 1599 721 1683 Aeschyli
745 1599 922 1680 tragoediis
937 1600 1028 1674 ἁγνοὶ
1041 1599 1256 1681 appellantur,
1269 1601 1290 1662 i.
1304 1623 1331 1662 e.

211 1716 294 1796 puri,
329 1716 448 1792 intacti,
485 1714 574 1777 nulla
606 1714 713 1777 affecti
752 1713 889 1790 macula,
925 1715 1037 1776 sancti.
1075 1714 1173 1777 Unde
1196 1713 1333 1777 efficitur

211 1831 415 1892 sanctitatem
451 1828 594 1891 numinis
630 1827 729 1889 divini
765 1829 930 1909 propriam
966 1828 1112 1908 cogitari.
1147 1828 1234 1888 Nam
1258 1827 1333 1890 licet

211 1941 360 2004 homines
395 1963 527 2023 quoque
552 1941 715 2003 interdum
739 1941 829 2017 ἁγνοὶ
853 1948 1022 2014 vocentur,
1048 1949 1083 2002 ut
1107 1942 1224 2019 Agarra
1250 1957 1331 2019 232:

211 2053 295 2128 ἁγνὰ
320 2053 506 2135 ἀταύρωτος
535 2054 563 2137 1)
586 2075 668 2136 pura
692 2055 798 2135 virgo,
823 2052 933 2134 Suppl.
960 2055 1152 2134 217—218:

348 2171 416 2239 πῶς
439 2165 468 2228 δ’
492 2169 532 2231 ἂν
555 2171 666 2246 γαμῶν
690 2169 832 2228 ἄκουσαν
857 2170 991 2238 ἄκοντος
1015 2169 1104 2246 πάρα

345 2283 439 2359 ἁγνὸς
462 2278 574 2359 γένοιτ’
600 2284 659 2358 olm

211 2403 243 2456 et
279 2391 411 2456 Orestes
445 2403 520 2476 post
554 2395 775 2476 expiationem
800 2415 835 2457 se
859 2395 956 2470 ἁγνὸν
981 2395 1227 2473 στόμα,ΙιαΙ)εῑε
1248 2398 1333 2459 dicat

210 2509 314 2591 (Eum.
340 2509 429 2591 283),
454 2530 521 2592 quo
544 2507 707 2590 significet
730 2529 764 2570 se
788 2510 894 2590 ipsum
920 2509 984 2570 iam
1005 2509 1237 2586 nyvdrsactum
1251 2531 1331 2587 esse,

210 2621 292 2685 haec
314 2633 423 2685 tamen
447 2622 591 2685 humana
614 2623 767 2686 sanctitas
791 2623 842 2685 vel
866 2624 988 2705 puritas
1011 2624 1052 2685 ad
1078 2644 1179 2685 unum
1204 2634 1331 2687 tantum
1366 2672 1370 2677 -

210 2737 332 2799 sactum
366 2746 423 2799 aut
457 2737 686 2799 condicionem
721 2745 845 2817 spectat
881 2738 1079 2818 minimeque
1109 2738 1151 2799 ad
1183 2746 1332 2800 naturam

210 2850 388 2913 humanam
422 2850 570 2932 pertinet.
607 2850 700 2911 Deus
734 2858 844 2912 autem
875 2858 1047 2930 peccatum
1070 2850 1179 2911 odisse
1203 2851 1330 2927 dicitur,

206 2985 236 3030 e.
260 2986 309 3046 gr.
334 2962 444 3044 Suppl.
470 2977 510 3044 73
536 2961 657 3024 chorus
682 2962 761 3024 deos
785 2961 835 3024 his
860 2962 965 3025 verbis
988 2963 1182 3046 alloquitur:

455 3074 545 3161 ὕβριν
569 3072 597 3136 δ’
624 3075 745 3154 ἐτύμως
768 3080 968 3154 στυγοῦντες,

210 3194 231 3256 i.
247 3175 298 3257 e.:
335 3213 405 3269 vos,
440 3191 495 3274 qui
530 3189 736 3253 insolentiam
772 3210 848 3253 vere
883 3191 1011 3268 odistis,
1036 3200 1067 3254 et
1090 3191 1244 3273 permulti
1269 3191 1330 3253 loci

209 3308 328 3369 adduci
351 3307 486 3389 possint,
512 3305 568 3367 ubi
592 3305 635 3368 dii
661 3306 812 3368 dicuntur
830 3313 1017 3385 peccatores
1038 3305 1158 3382 odisse,
1176 3327 1274 3387 quam
1289 3306 1332 3368 ob

210 3440 279 3482 rem
304 3418 540 3501 Clytaemestra
563 3423 651 3479 &aar
675 3422 789 3494 ocrim
811 3419 994 3501 appellatur
1017 3417 1165 3502 (Cleua'plr.
1195 3419 1301 3499 1025).

253 3533 289 3597 Si
325 3542 435 3596 autem
465 3534 664 3615 quaerimus,
688 3554 754 3615 qua
777 3554 820 3595 ex
843 3542 935 3614 parte
958 3532 1148 3614 Aeschylus
1172 3533 1331 3613 imprimis

209 3648 320 3711 divino
350 3646 475 3708 numini
498 3648 703 3711 sanctitatem
726 3646 884 3720 tribuerit,
909 3666 974 3707 non
996 3646 1087 3727 parvi
1110 3644 1238 3707 videtur
1261 3664 1332 3705 esse

210 3760 379 3837 momenti,
415 3759 505 3842 quod
541 3758 605 3822 hoc
639 3761 738 3836 ἁγνοῦ
774 3757 973 3840 cognomine
1007 3759 1097 3834 Ζεύς,
1123 3757 1155 3839 2)
1180 3754 1272 3837 Δίκη,
1300 3756 1331 3838 3)

211 3871 382 3936 Ἀπόλλων
405 3874 438 3956 4)
473 3873 720 3955 compellantur.
756 3872 877 3935 Inferni
903 3872 1036 3954 quidem
1061 3871 1104 3933 dii
1129 3880 1161 3934 et
1184 3869 1330 3933 Artemis

245 4080 266 4136 1)
289 4074 338 4122 His
355 4073 438 4123 verbis
457 4072 572 4121 Klausen
587 4072 678 4121 Theol.
696 4088 721 4136 p.
739 4072 772 4135 98
790 4078 850 4120 nota
869 4069 926 4136 180)
943 4069 1054 4119 Dianam
1072 4068 1207 4133 significari
1223 4067 1286 4117 vult.

242 4153 267 4218 2)
285 4155 375 4218 Suppl.
393 4153 451 4218 ⁶²5·

242 4233 267 4298 3)
285 4235 376 4299 Suppl.
397 4245 535 4297 132—133.

240 4313 266 4380 4)
285 4315 374 4378 Suppl.
393 4327 449 4372 204.
