3106 4822
812 245 855 306 94

271 414 466 477 Tenendum
503 421 613 475 tamen
650 413 810 475 memoria
846 422 894 475 est
927 419 1059 494 poetam
1096 414 1126 474 in
1161 412 1335 495 tragoediis
1360 413 1400 475 de

272 526 324 589 his
348 526 445 589 rebus
469 545 535 587 non
559 523 720 587 subtiliter
746 524 912 606 disputare
935 527 1094 607 potuisse,
1120 548 1225 609 neque
1249 548 1303 590 eas
1315 527 1401 590 clare

274 639 490 723 perspexisse,
523 648 558 701 ut
581 639 651 720 ipse
674 637 737 701 illis
762 637 849 708 ὅστις
873 637 948 699 ποτ’
973 639 1059 702 ἐστὶν
1083 639 1247 703 indicavit.
1283 641 1401 722 Neque

274 753 362 816 enim
398 751 620 834 intellegentia
654 749 798 814 humana
832 751 961 828 sufficit,
1000 762 1033 815 ut
1068 754 1136 835 ipsa
1167 774 1225 835 per
1254 774 1289 816 se
1319 753 1401 817 tales

274 865 401 929 divinas
437 885 487 928 res
522 865 609 928 clare
644 866 859 948 distincteque
893 867 1063 949 percipiat,
1096 887 1171 929 nam
1203 867 1305 930 multa
1327 875 1402 948 post

275 978 481 1063 Aeschylum
505 979 636 1041 saecula
660 981 724 1041 iam
740 980 985 1061 praeterierunt,
1000 980 1057 1041 sed
1071 981 1180 1042 omnia
1193 980 1246 1042 illa
1257 981 1401 1055 nomina,

276 1114 362 1176 quae
396 1093 526 1156 inventa
562 1101 648 1169 sunt,
685 1101 720 1154 ut
743 1093 851 1155 variae
876 1092 1048 1156 hominum
1073 1094 1113 1155 de
1136 1093 1200 1156 deo
1224 1094 1403 1156 sententiae

276 1208 508 1283 indicarentur,
538 1205 658 1269 horum
683 1206 889 1269 saeculorum
914 1228 1085 1269 numerum
1111 1207 1178 1270 sere
1200 1207 1401 1290 adaequant!

323 1370 394 1435 lam
419 1377 527 1445 restat,
560 1377 595 1430 ut
619 1369 659 1430 de
685 1368 823 1430 deorum
848 1369 1090 1432 immortalitate
1113 1370 1271 1432 dicamus.
1308 1369 1404 1450 Quae

278 1482 453 1564 Aeschylo
487 1483 598 1563 magni
635 1484 792 1545 momenti
828 1503 900 1545 esse
935 1484 1057 1560 debuit,
1094 1505 1169 1547 nam
1200 1505 1238 1547 ea
1269 1485 1338 1566 ipsa
1361 1505 1404 1546 ex

278 1604 371 1679 parte
393 1594 438 1660 dii
461 1592 644 1677 Aeschylei
669 1597 812 1658 maxime
835 1596 877 1658 ab
900 1595 1403 1672 hominibusdifferrevidentur,

279 1708 371 1792 quod
406 1707 452 1770 illi
493 1716 585 1770 erant
620 1708 831 1783 immortaleS,
874 1729 974 1790 quam
1011 1710 1055 1772 ob
1098 1731 1165 1772 rem
1200 1711 1405 1793 appellantur
1469 1718 1471 1721 ’

281 1820 420 1906 δαρόβιοι
445 1819 544 1904 (Sept.
571 1821 657 1902 507),
685 1821 835 1904 ἄμβροτοι
862 1822 967 1904 (Ειιιιι.
994 1826 1080 1904 255),
1108 1825 1272 1884 ἀθάνατοι
1299 1824 1403 1906 (Eum.

282 1954 357 2017 340,
392 1935 488 2018 931);
525 1935 558 2000 hi
593 1945 703 1998 autem
739 1936 903 2012 mortales,
940 1937 1031 2018 quod
1064 1937 1251 2019 Aeschylus
1285 1937 1406 2000 indicat

279 2051 424 2127 vocibus,
459 2069 544 2133 quae
578 2058 654 2112 sunt
688 2050 804 2134 βροτοί,
837 2051 952 2130 θνητοὶ
984 2052 1135 2134 (utraque
1167 2071 1232 2114 vox
1257 2053 1404 2134 passim),

281 2166 423 2245 ἐφήμεροι
461 2163 577 2246 (From.
603 2165 655 2244 83,
681 2163 755 2244 256,
780 2183 857 2244 944,
890 2162 1042 2245 ἐφημέριοι
1066 2165 1171 2227 Prom.
1198 2166 1283 2247 543).
1320 2163 1405 2227 Cum

280 2279 381 2360 igitur
404 2265 542 2339 deorum
566 2276 794 2340 immortalitas
818 2279 926 2353 morti,
951 2281 1003 2340 cui
1028 2299 1132 2360 genus
1157 2277 1337 2343 humanum
1356 2288 1407 2341 est

280 2391 473 2466 obnoxium,
509 2399 705 2471 opponatur,
739 2391 884 2472 primum
921 2391 1101 2467 videamus,
1137 2413 1237 2474 quarn
1269 2393 1405 2455 obrem

280 2503 429 2567 homines
455 2503 609 2567 mortales
633 2512 802 2565 vocentur.

328 2618 379 2680 De
414 2637 556 2699 quorum
587 2616 779 2699 corporibus
804 2615 883 2679 nihil
907 2638 991 2699 opus
1014 2627 1062 2680 est
1085 2618 1205 2695 dicere,
1227 2638 1303 2680 nam
1327 2620 1406 2700 quid

281 2733 401 2794 certius
424 2740 473 2795 est
495 2740 553 2793 aut
575 2730 643 2807 fuit,
668 2751 768 2812 quam
793 2751 932 2813 corpora
956 2730 1099 2793 humana
1122 2733 1164 2794 ad
1181 2751 1282 2794 unum
1295 2732 1406 2794 omnia
1438 2783 1440 2788 .

281 2846 378 2910 morti
401 2846 547 2910 obnoxia
571 2845 659 2908 esse!
684 2844 783 2925 Quod
801 2844 991 2926 Aeschylus
1004 2843 1222 2927 pulcherrime
1235 2844 1285 2908 his
1297 2846 1406 2910 verbis

283 2957 477 3040 significavit
500 2958 630 3041 (fragm.
659 2958 715 3022 161
744 2980 786 3021 ex
810 2959 926 3035 Nioba,
951 2980 982 3041 p.
1010 2973 1047 3039 53
1074 2959 1152 3022 edit.
1177 2958 1326 3039 Nauck):

460 3073 553 3149 μόνο,1
576 3074 662 3132 θεων
687 3073 746 3151 γὰρ
770 3075 913 3143 uuluam
936 3069 973 3131 oi)
998 3069 1105 3153 δόνρων
1129 3072 1194 3153 ἐρᾷ,

460 3180 527 3244 οὐδ’
552 3185 592 3246 ἄν
617 3205 647 3242 τι
672 3187 763 3246 δύων
788 3181 855 3246 οὐδ’
881 3182 1078 3248 ἐπισπένδων
1102 3187 1199 3261 ἄνοις,

462 3293 529 3358 οὐδ’
555 3295 622 3356 ἔστι
647 3297 750 3380 βωμό,ὶ
774 3296 845 3359 nidi
870 3296 1088 3370 παιωνίζετιιι·

461 3413 558 3490 μόνον
583 3408 616 3471 δὲ
641 3407 757 3470 Πειθὼ
782 3408 938 3490 δαιμόνων
962 3411 1151 3472 ἀποστατεῖ.
1177 3413 1204 3493 1)

329 3522 431 3585 Addo
454 3532 582 3585 tantum
606 3520 691 3585 hanc
713 3525 812 3587 vitam
828 3526 998 3586 mortalem
1012 3525 1183 3607 Aeschylo
1194 3534 1262 3587 tam
1276 3525 1408 3587 brevem

284 3655 322 3698 ac
352 3654 457 3716 paene
480 3635 604 3697 nullam
628 3655 709 3709 esse,
742 3645 778 3698 ut
800 3656 872 3698 eam
897 3646 1064 3719 comparet
1087 3658 1163 3700 cum
1189 3637 1304 3700 umbra
1327 3636 1407 3698 fumi

285 3748 337 3832 (fr.
364 3765 429 3830 399
452 3748 540 3830 apud
564 3748 712 3832 Nauck):

445 3863 479 3923 τό
502 3865 562 3944 γὰρ
586 3863 726 3946 βρότειον
751 3861 863 3945 σπέρμ’
889 3864 925 3942 ely
951 3862 1063 3946 ἡμέραν
1086 3871 1201 3946 φρονεῖ,

442 3979 495 4036 καὶ
520 3979 633 4042 πιστόν
657 3975 748 4043 οὐδὲν
771 3974 892 4058 μᾶλλον
917 3983 937 4057 ἠ
960 3986 1084 4042 καπνόν
1109 3980 1182 4039 ouidi

321 4110 344 4176 1)
362 4112 413 4164 Cir.
440 4113 534 4162 I'salm.
553 4115 586 4176 89
612 4131 634 4162 v.
660 4127 693 4177 49
720 4114 759 4178 (ex
777 4115 879 4180 interpr.
897 4115 951 4164 Lat.
970 4115 1099 4164 Tremellii
1116 4124 1140 4164 et
1157 4115 1247 4181 Juniil:
1274 4115 1356 4176 „Quis
1373 4115 1411 4163 vir

285 4203 320 4250 ita
344 4202 420 4262 vivat,
447 4211 473 4250 ut
499 4220 549 4251 non
576 4205 716 4268 experiatur
741 4207 864 4254 mortem?
891 4205 980 4270 eripiat
1004 4221 1030 4254 se
1048 4207 1131 4270 ipsum
1149 4223 1164 4254 a
1181 4206 1313 4272 sepulchro
1332 4206 1411 4256 excel·

283 4293 421 4343 lentissime
430 4291 458 4341 ?''
