3106 4822
781 292 826 357 44

237 464 357 548 quibus
391 464 509 528 dicitur
542 464 669 528 disertis
692 464 800 528 verbis
825 486 845 526 n
857 485 876 527 e
888 482 921 527 m
934 465 944 526 i
958 484 978 528 n
990 485 1009 527 e
1021 487 1054 530 m
1078 487 1126 530 su
1139 488 1161 550 p
1175 489 1221 530 ra
1245 468 1360 531 Iovem

238 600 436 662 eumque
473 579 661 644 nullius
696 580 899 662 imperio
934 580 1209 645 subiectum
1245 603 1359 645 esse.

238 694 347 775 Quam
382 696 490 778 inepte
524 695 556 758 id
592 703 733 773 sonaret,
769 695 796 758 si
824 688 1036 759 nihilominus
1060 699 1174 779 Μοῖρα
1198 698 1260 759 dea
1283 696 1362 759 Iove

239 809 341 872 maior
363 818 517 874 exstaret.
547 810 575 892 1)

283 923 321 986 In
352 923 530 1006 tragoedia,
567 943 651 1007 quae
684 923 906 1003 Agamemnon
940 921 1138 999 inscribitur,
1161 923 1362 988 vocabulum

237 1042 341 1117 μοῖρα,
362 1058 563 1121 quamquam
576 1038 706 1120 saepius
719 1038 870 1114 occurrit,
883 1036 950 1101 sere
964 1037 1086 1122 ubique
1098 1037 1259 1119 significat
1279 1058 1325 1100 so
1335 1059 1363 1100 r·

238 1160 319 1215 tem
343 1160 400 1215 aut
422 1161 601 1214 mortem
625 1153 701 1234 (v.v.
726 1151 1249 1233 980,1268,1319,1406,1417,
1268 1163 1362 1233 1559,

240 1266 378 1329 eandem
401 1265 671 1347 significationem
695 1263 793 1327 habet
814 1267 908 1345 μόρος
931 1287 963 1328 v.
992 1278 1085 1346 1571,
1114 1265 1220 1349 1598).
1269 1266 1363 1328 Haec

240 1385 333 1461 μοῖρα
356 1402 387 1443 v.
411 1381 478 1460 980
511 1378 552 1441 ab
577 1377 638 1440 diis
661 1379 816 1441 constitui
841 1378 976 1444 dicitur:
1003 1377 1183 1459 τεταγμένα
1208 1380 1240 1439 ἐκ
1264 1379 1362 1440 θεῶν.
1400 1447 1401 1450 ¹

241 1495 296 1557 Bis
338 1494 435 1556 etiam
477 1494 640 1557 invenitur
674 1493 872 1556 adiectivum
905 1497 1053 1575 μόρσιμος
1078 1494 1121 1577 2),
1156 1495 1363 1577 participium

242 1605 446 1688 πεπρωμένος
469 1616 519 1670 111
537 1607 581 1690 3),
604 1628 689 1689 quae
711 1626 809 1670 voces
830 1608 896 1670 sere
908 1629 1012 1690 aeque
1025 1608 1142 1686 valent,
1156 1608 1213 1671 scd
1227 1616 1364 1690 utraque

242 1724 283 1785 ad
308 1744 358 1785 res
382 1722 541 1785 humanas
572 1729 699 1784 tantum
723 1721 872 1803 pertinet,
908 1743 1046 1804 quarum
1071 1722 1150 1794 Ζεύς
1174 1723 1244 1786 sola
1267 1734 1385 1785 causa¹

242 1858 315 1900 esse
338 1837 455 1929 dicitur
478 1858 509 1900 v.
535 1857 567 1898 v.
596 1839 832 1917 1448—1449:

422 1948 457 2009 ἰὼ
482 1950 522 2028 iri,
547 1946 612 2010 διαὶ
637 1949 714 2021 Διὸς
737 1947 913 2010 παναιτίου
936 1950 973 2034 4)
997 1947 1186 2031 πανεργέτα.

420 2063 451 2123 τί
475 2063 535 2144 γὰρ
559 2064 682 2147 βροτοῖς
708 2065 787 2125 ἄνευ
813 2065 889 2136 Διὸς
913 2062 1054 2127 reiciam
1082 2065 1131 2147 5);

288 2179 342 2240 Ex
376 2177 440 2241 hoc
471 2179 589 2242 eodem
614 2179 688 2243 loco
711 2189 854 2262 apparet,
879 2182 957 2264 quid
981 2183 1023 2245 sit
1046 2180 1147 2244 satum
1172 2182 1214 2242 de
1241 2199 1310 2261 quo
1334 2198 1365 2241 v.

249 2307 307 2372 125
334 2291 368 2376 6)
391 2301 475 2356 etv.
505 2294 587 2373 1498
613 2293 648 2375 7)
671 2314 780 2356 sermo
803 2302 861 2358 est.

291 2405 460 2467 Hactenus
496 2406 594 2488 igitur
628 2407 716 2470 Iovis
753 2409 906 2472 maiestas
937 2408 1109 2471 incolumis
1140 2408 1243 2472 evasit
1267 2427 1367 2488 appa-

245 2520 373 2600 ruitque
407 2519 510 2581 fatum
546 2519 627 2583 nihil
658 2520 748 2584 aliud
779 2521 961 2604 significare
990 2523 1050 2584 nisi
1080 2521 1251 2584 consilium
1276 2521 1365 2583 Iovis

245 2634 450 2715 aliorumque
480 2635 628 2699 deorum.
676 2635 778 2717 Quod
812 2657 878 2698 non
912 2639 956 2701 ita
989 2645 1038 2700 est
1072 2639 1105 2699 in
1139 2633 1369 2698 Eumenidibus

246 2757 279 2810 et
313 2747 506 2825 Prometheo,
550 2749 592 2812 ad
627 2771 709 2832 quas
743 2751 928 2833 tragoedias
966 2749 1160 2832 Choiplroroe
1195 2749 1368 2813 transitum

251 2897 433 2906 —-—-—

282 2987 305 3044 1)
324 2983 387 3032 Vide
403 2984 477 3033 etiam
495 3001 535 3035 vv.
554 2995 593 3047 79,
612 2985 669 3049 388,
688 2994 745 3048 574,
764 2994 821 3047 779,
840 2983 981 3047 785-787,
1001 2996 1072 3044 1024.

280 3078 304 3136 2)
339 3075 428 3137 figam.
449 3075 596 3139 145—146:

429 3167 524 3216 τοιάδε
542 3166 657 3232 Κάλχας
675 3167 721 3222 ξύν
738 3165 867 3231 μεγάλοις
885 3167 1005 3231 ἀγαθοῖς
1023 3166 1193 3231 ἀπέκλαγξεν

429 3257 533 3325 μόρσιμ’
552 3256 599 3306 ἀντ’
617 3258 737 3324 ὀρνίθων
750 3256 831 3306 ὁδίων
848 3256 926 3314 οἴκοις
944 3257 1100 3316 βασιλείοις.

247 3356 271 3397 et
288 3365 312 3397 v.
332 3361 409 3398 1001:
427 3352 558 3417 μορσίμων
576 3348 764 3415 ἀγρευμάτων.

277 3442 306 3505 ,3)
339 3441 429 3504 Agam.
448 3440 493 3492 68:
512 3440 632 3489 τελεῖται
650 3440 677 3488 δ’
696 3441 723 3496 ἐς
741 3441 771 3488 τὸ
789 3441 971 3507 πεπρωμένον·

281 3550 304 3581 v.
323 3534 468 3583 661-662:
487 3535 635 3601 προνοίαισι
653 3537 700 3582 τοῦ
717 3536 900 3600 πεπρωμένου.

282 3643 306 3674 v.
326 3625 403 3674 1628:
422 3629 575 3692 diripera...
593 3628 659 3693 πρὸς
677 3625 777 3686 δόμους
794 3627 984 3692 πεπρωμένοις
1001 3625 1113 3682 τούσδο,Ι

282 3717 308 3783 4)
342 3718 368 3766 Si
394 3717 483 3786 Μοῖρα
501 3719 585 3782 aliqua
602 3733 675 3782 supra
693 3719 781 3767 Iovem
799 3724 873 3781 esset,
888 3718 931 3766 hic
948 3732 1075 3766 summum
1092 3719 1231 3775 μεταίτιος
1248 3715 1371 3780 appellari

249 3810 365 3860 debebat.
383 3811 432 3860 Cfr.
452 3813 536 3877 verba,
553 3811 644 3876 quibus
663 3811 771 3875 Erinyes
784 3808 931 3874 Apollinem
947 3809 1117 3873 alloquuntur,
1134 3809 1214 3858 Eum.
1227 3807 1371 3870 197—198:

517 3905 598 3960 αὐτὸς
616 3905 647 3951 σὺ
664 3903 763 3952 τούτων
781 3903 809 3950 oi·
827 3905 964 3961 μεταίτιος
981 3899 1062 3966 πέλῃ,

518 3995 578 4043 ἀλλ’
596 3989 633 4053 εἷς
651 3998 681 4044 τὸ
698 3997 754 4044 πᾶν
773 3993 892 4062 ἔπραξας
910 3993 944 4043 ὢν
962 3996 1112 4051 παναίτιος.

285 4083 310 4149 5)
328 4084 377 4134 Csr.
396 4101 437 4138 vv,
454 4086 495 4145 62,
513 4098 570 4150 354,
588 4087 645 4152 655.

286 4176 311 4236 6)
329 4176 395 4225 Vide
412 4177 444 4226 de
461 4177 509 4225 hoc
527 4178 584 4226 loco
603 4195 627 4242 p.
645 4191 685 4242 39.

287 4266 310 4332 7)
328 4267 393 4315 Vide
419 4274 503 4316 notam
532 4283 553 4319 1.
578 4286 601 4333 p.
628 4283 671 4329 41.
697 4271 724 4317 Si
750 4285 807 4318 cum
824 4269 960 4318 Wecklino
979 4268 1111 4333 Musgravi
1128 4268 1295 4317 coniecturam
1312 4267 1373 4315 reci·

251 4375 336 4423 perem
353 4359 434 4425 (Λίκα
447 4394 451 4403 .
463 4393 485 4404 ,.
505 4360 675 4424 θιγγάνει...
693 4359 850 4426 μάχαιραν),
868 4361 900 4408 de
917 4361 1041 4408 hocloco
1058 4366 1138 4409 tacere
1155 4374 1261 4426 possem.
1357 4385 1360 4394 ·
