3106 4822
746 299 791 360 40

408 471 531 531 τοιαῦτ’
556 470 691 551 ἐπειίχοο
714 471 755 548 μὴ
779 466 973 546 φιλοστόνως
997 474 1093 546 θεοῖς,

406 581 479 665 μηδ’
503 584 536 644 ἐν
559 582 707 663 ματαίοις
731 582 871 665 κοίμρίοις
894 586 1123 663 ποιφιίμμασιν·

407 696 441 758 mi
465 702 526 778 γάρ
550 719 581 757 τι
604 695 728 776 μᾶλλον
752 700 792 777 μὴ
817 697 917 782 φιίμῃς
941 697 978 757 τὸ
1000 699 1161 779 μόρσιμον.

252 812 399 876 Thebani
435 812 533 893 igitur
567 831 633 873 non
668 809 834 894 effugient,
870 813 959 894 quod
995 813 1032 874 iis
1064 812 1162 876 fatale
1193 821 1251 890 est,
1276 814 1335 876 sed

210 937 246 993 ut
279 927 312 990 id
346 925 504 1009 effugiant
538 924 589 989 vel
622 927 732 1007 potius
766 927 798 989 in
833 926 1004 989 meliorem
1038 918 1165 1009 partem
1197 936 1334 1005 vertant,

209 1041 361 1105 omnibus
395 1040 461 1103 sere
495 1040 555 1102 diis
594 1039 633 1122 1),
669 1048 809 1122 excepto
846 1041 946 1119 Fato,
982 1042 1184 1123 precandum
1220 1050 1269 1105 est
1303 1051 1336 1105 et

209 1154 466 1218 sacrificandum.
515 1153 605 1234 Quid
647 1153 722 1226 inde
755 1153 919 1218 efficitur?
965 1155 1056 1218 Num
1092 1162 1182 1237 petet
1217 1155 1335 1238 aliquis

211 1269 371 1333 auxilium
395 1268 437 1331 ab
460 1269 509 1345 iis,
532 1286 632 1350 penes
656 1289 740 1351 quos
763 1276 959 1350 potestatem
984 1268 1095 1332 auxilii
1120 1268 1245 1332 serendi
1269 1289 1335 1332 non

210 1406 282 1448 esse
305 1384 494 1446 existimat?
518 1381 556 1444 Id
581 1383 689 1465 igitur,
714 1383 804 1466 quod
828 1378 871 1445 dii
896 1383 937 1445 de
956 1381 1121 1446 Thebanis
1133 1384 1335 1446 constituent

212 1506 270 1562 aut
292 1499 401 1580 potius
431 1496 804 1560 constituerunt
828 1497 870 1580 2),
895 1505 946 1560 est
970 1497 1006 1557 τὸ
1028 1500 1187 1578 μόρσιμον.
1223 1498 1336 1579 ltaque

211 1633 269 1695 per
303 1619 407 1675 totam
441 1611 645 1692 tragoediam
680 1609 827 1673 Thebani
861 1612 967 1674 facere
998 1631 1063 1674 non
1086 1619 1233 1694 possunt,
1258 1612 1336 1693 quin

212 1746 343 1788 omnem
382 1724 522 1787 salutem
564 1745 584 1786 a
626 1725 685 1786 diis
719 1727 993 1807 potissimumque
1027 1725 1069 1788 ab
1112 1725 1192 1789 Iove
1225 1733 1338 1808 petant

214 1838 269 1926 (ab
295 1840 375 1902 Iove
397 1861 448 1903 vv.
471 1837 525 1919 69,
555 1854 626 1916 111,
651 1854 727 1919 237,
750 1835 826 1917 468,
851 1838 940 1921 613).

258 1953 324 2017 Sed
357 1952 525 2016 videamus
560 1951 602 2015 de
635 1953 717 2043 Fato
741 1952 819 2036 quid
844 1973 904 2014 nos
928 1952 1069 2016 doceant
1091 1933 1262 2034 Supplices,
1285 1952 1339 2014 illa

214 2067 395 2150 tragoedia,
420 2067 452 2128 in
476 2087 542 2147 qua
564 2065 643 2138 Ζεύς
666 2066 930 2149 exquisitissimis
952 2066 1062 2129 verbis
1086 2066 1214 2144 colitur,
1239 2067 1339 2149 idque

214 2181 394 2263 aposteris
417 2179 563 2242 eiusdem
593 2179 746 2256 mulieris,
782 2179 820 2242 Io
844 2178 928 2275 dico,
953 2180 1110 2242 adversus
1134 2201 1234 2262 quam
1258 2178 1338 2251 Ζαίς

218 2317 252 2357 se
276 2315 375 2376 quam
399 2293 585 2375 turpissime
608 2294 748 2374 gessisse
770 2314 790 2356 a
812 2291 1009 2355 Prometheo
1033 2293 1162 2357 dicitur.

258 2407 468 2472 Vocabulum
491 2412 584 2488 μοῖρα
608 2406 708 2470 semel
732 2415 860 2470 tantum
883 2408 1036 2486 occurrit,
1060 2429 1090 2471 v.
1119 2409 1221 2471 1008:

438 2517 563 2582 δέδοται
588 2517 616 2581 δ’
638 2519 789 2605 Ἁρμονίᾳ
812 2525 893 2601 μοῖρ’
916 2519 1116 2601 Ἀφροδίτας,

216 2636 271 2699 ubi
294 2645 403 2699 tamen
425 2639 507 2715 μοῖρ’
519 2629 707 2715 Ἀφροδίτας
732 2635 892 2718 significat
914 2645 1040 2717 partem
1066 2635 1129 2718 (vel
1147 2636 1339 2718 participem

215 2751 298 2834 esse)
329 2751 465 2813 Veneris
495 2748 575 2831 (hoe
610 2769 730 2812 nomen
763 2750 984 2832 metonymice
1013 2748 1067 2811 hic
1089 2770 1150 2832 pro
1175 2769 1224 2826 σο,
1250 2751 1339 2832 quod

216 2873 265 2928 est
288 2885 380 2926 amor
401 2861 600 2946 usurpatur),
624 2862 714 2945 quod
739 2864 839 2945 igitur
862 2883 929 2925 non
951 2862 993 2926 ad
1018 2883 1087 2925 rem
1110 2864 1235 2926 attinet.

260 2977 326 3042 Sed
354 2977 551 3040 adiectivum
573 2979 721 3057 μόρσιμος
744 2985 792 3040 ter
815 2977 988 3053 invenitur,
1013 2996 1067 3041 vv.
1091 2990 1133 3056 45
1160 2977 1239 3052 scil„
1264 2991 1341 3059 752,

189 3119 191 3123 ⁴
221 3101 314 3171 1024.
362 3091 435 3152 Dea
470 3091 582 3168 Μοῖρα
605 3090 704 3171 igitur
727 3092 758 3152 in
783 3087 978 3171 Supplicium
1001 3110 1162 3172 nusquam
1188 3093 1339 3154 occurrit.

219 3209 295 3270 Hoc
329 3214 456 3268 tantum
492 3203 621 3285 rogabit
654 3204 790 3268 sortasse
824 3204 952 3287 aliquis,
977 3206 1107 3267 cuinam
1130 3205 1194 3267 deo
1219 3205 1341 3268 deaeve

217 3322 281 3385 hoe
303 3321 454 3400 μόρσιμον
485 3318 654 3382 tribuatur.
701 3319 739 3381 ld
776 3341 882 3403 neque
916 3339 959 3382 ex
993 3342 1024 3388 v.
1059 3332 1100 3400 45
1136 3330 1280 3402 apparet,
1306 3331 1343 3385 ut

218 3437 356 3518 quisque
379 3435 467 3496 videt
490 3441 533 3518 (v.
557 3432 721 3516 44—46):

666 3545 834 3627 ἐπωνυμίᾳ
858 3543 886 3606 δ’
911 3546 986 3607 ἐπι-

562 3659 710 3740 κραίνετο
733 3662 881 3741 μόρσιμος
905 3659 985 3721 αἰὼν

563 3771 708 3853 εὐλόγως,

255 4000 279 4066 1)
313 4000 399 4047 Miseri
424 3998 461 4047 illi
485 3999 601 4048 homines
626 4015 685 4064 prae
710 4000 869 4049 multitudine
894 4000 998 4050 deorum
1016 4001 1168 4065 dearumque
1185 4001 1345 4064 dubitabant,

211 4092 276 4158 quis
293 4106 380 4139 eorum
397 4089 568 4154 implorandus
585 4098 649 4141 esset
664 4095 697 4153 (ν.
707 4104 819 4155 91—92:
842 4096 880 4150 τίς
898 4091 950 4160 ἄρα
969 4092 1087 4158 ῥύσεται,
1098 4096 1139 4150 τίς
1149 4093 1190 4160 ἀρ’
1201 4094 1343 4160 ἐπαρκέσει

221 4186 294 4233 θεῶν
312 4183 328 4245 ἢ
349 4179 452 4245 decim),
470 4183 634 4246 quamobrem
651 4191 776 4248 praestare
794 4183 923 4233 videbatur
940 4200 1027 4233 omnes
1041 4184 1109 4250 deos,
1118 4183 1159 4233 vel
1168 4184 1251 4250 potius
1259 4200 1344 4233 eorum

220 4274 359 4332 simulacra,
377 4272 450 4320 simul
468 4272 609 4336 implorare.

255 4367 279 4436 2)
314 4364 366 4414 Cfr.
386 4363 490 4428 Choesst.
509 4376 572 4430 451:
591 4367 620 4413 τὸ
637 4366 765 4432 μόρσιμον
783 4370 858 4428 pirro
875 4367 971 4415 πάλαι.
