3106 4822
778 247 822 311 60

288 436 413 500 Omnes
455 433 597 517 reliquos
638 433 730 497 locos
772 455 816 498 ex
860 430 1086 498 Eumenidibus
1120 445 1154 499 et
1186 435 1368 500 Prometheo

242 551 387 635 percurri
411 571 476 613 non
499 569 630 613 necesse
653 549 793 628 videtur,
818 570 894 613 cum
917 549 1026 613 nullus
1050 570 1165 614 eorum
1189 550 1366 633 quicquam

243 667 319 731 novi
354 665 474 729 afferat.
521 663 746 745 Quamobrem
780 663 918 726 sufficiat
946 684 1004 727 eos
1038 665 1241 728 enumerari:
1271 664 1363 729 Eum.

245 792 305 859 215
319 802 326 841 :
349 782 495 859 μόρσιμος
519 781 614 856 εσνής
637 799 667 843 v.
680 792 764 856 472:
789 760 887 837 αὗται
904 777 955 860 (αἱ
967 780 1114 857 Ἐρινύες
1126 777 1208 856 scil.)
1221 773 1249 838 δ’
1262 775 1366 859 ἔχουσι

244 897 358 973 μοῖραν
394 891 450 954 οὐκ
481 887 679 971 εὐπέμπελον
688 914 700 966 ;
730 909 761 953 ν.
790 906 1024 953 1021-1022:
1052 891 1131 962 Ζεύς
1154 893 1173 953 ό
1194 894 1368 964 πανόπτας

242 1005 328 1068 οὕτω
363 1009 476 1088 Μοῖρά
506 1028 539 1066 τε
572 1000 754 1088 συγκατέβα
780 1005 872 1087 (Ζεύς
894 1007 1007 1087 Μοῖρά
1032 1028 1065 1066 τε
1090 1007 1219 1089 poetice
1242 1007 1367 1070 dictum

242 1132 292 1186 est
312 1121 466 1205 idemque
490 1119 651 1201 significat
674 1119 763 1201 quod
788 1116 864 1189 Διὸς
887 1118 939 1182 vel
958 1120 1077 1180 nunu
1092 1125 1186 1201 μοῖρα
1200 1120 1242 1203 (v.
1255 1142 1287 1204 p.
1302 1121 1367 1204 30).

242 1274 286 1283 -
316 1237 423 1300 From.
459 1247 647 1315 103-105:
683 1235 742 1313 τὴν
766 1231 978 1315 πεπρωμένην
1003 1230 1034 1296 δὲ
1059 1237 1114 1316 χρὴ
1140 1225 1235 1295 αἶσαν
1259 1232 1365 1315 φέρειν
1403 1320 1405 1324 Α

242 1350 284 1424 ὡς
307 1350 420 1432 ῥᾷστα,
443 1352 656 1427 γιγνώσκονθ’
677 1349 727 1409 ὅτι
753 1353 809 1428 τῆς
832 1346 973 1430 ινίνόιγκη,1
995 1346 1062 1409 ἔστ’
1075 1345 1228 1429 ἀδήριτον
1241 1347 1366 1425 ‹sulm-3

243 1485 272 1531 ν.
310 1462 502 1547 295-296:
549 1461 642 1545 χωρίς
681 1485 718 1523 τε
763 1460 872 1538 γε’νοιι,1
912 1459 968 1523 οὐκ
1011 1460 1099 1522 ἔστιν
1138 1461 1202 1545 ὅτῳ
1236 1460 1366 1541 μείζονα

241 1583 356 1659 μοῖραν
381 1576 520 1656 νείμαιμ’
543 1580 564 1656 ιγ’
586 1576 634 1636 σοι’
659 1576 721 1656 (his
744 1577 853 1640 verbis
872 1574 1026 1638 Oceanus
1046 1575 1222 1658 alloquitur
1233 1576 1366 1639 Prome-

241 1692 387 1774 theum);
411 1715 442 1755 v.
466 1691 548 1770 630:
573 1694 687 1771 μοῖραν
711 1685 841 1769 quom„
866 1688 990 1770 v.692:
1017 1687 1054 1749 ἰὼ
1079 1686 1116 1749 ἰὼ
1139 1693 1232 1770 μοῖρα
1254 1694 1347 1770 μοῖρα
1355 1714 1366 1767 ,·

243 1830 272 1872 ν.
297 1819 379 1887 75οε
405 1805 535 1866 ..ἐστιν
560 1804 595 1867 οὐ
621 1799 851 1884 πεπρωμένονς
875 1805 957 1885 813:
982 1800 1161 1884 πέπρωται.

286 1918 451 1982 Omnibus
475 1920 575 2001 igitur
598 1919 639 1981 de
662 1918 728 1981 sato
752 1917 834 1981 locis
856 1919 1060 2002 pertractatis
1080 1927 1190 1996 restat,
1205 1926 1241 1981 ut
1252 1919 1365 2001 paucis

240 2034 348 2099 verbis
382 2033 668 2124 comprehendam,
704 2053 789 2115 quae
822 2033 861 2094 iis
895 2032 974 2095 locis
1004 2032 1046 2094 de
1075 2032 1141 2095 sato
1165 2030 1284 2095 inveni.
1328 2032 1366 2094 In

242 2149 395 2213 omnibus
451 2147 610 2231 Aeschyli
667 2146 796 2223 sabulis,
853 2149 999 2229 exceptis
1055 2145 1279 2210 Eumenidibus
1334 2155 1367 2210 et
1404 2161 1406 2163 ’

241 2262 434 2337 Prometheo,
469 2265 549 2335 Ζεύς
584 2282 734 2324 summus
764 2262 846 2324 deus
875 2271 933 2339 est,
958 2281 1065 2343 neque
1089 2261 1251 2326 invenitur
1275 2262 1366 2344 quic·

242 2398 351 2459 quam,
398 2377 487 2459 quod
530 2377 633 2439 satum
679 2376 775 2440 deam
817 2375 980 2459 appellare
1021 2385 1079 2440 aut
1118 2396 1216 2458 supra
1251 2375 1365 2439 Iovem

241 2511 363 2574 ponere
386 2510 446 2552 nos
469 2477 576 2571 cegat.
906 2557 908 2561 .

284 2605 320 2666 ln
354 2602 578 2667 Eumenidum
611 2612 720 2666 tamen
751 2611 784 2665 et
814 2599 999 2666 Prometheo
1025 2605 1149 2681 Μοῖραι
1174 2611 1251 2665 sunt
1275 2602 1366 2679 deae,

241 2726 273 2780 et
307 2716 442 2779 eaedem
476 2716 620 2798 quidem,
656 2737 740 2798 quae
776 2715 899 2798 ubique
934 2717 967 2778 in
1006 2715 1128 2799 mythis
1164 2715 1365 2779 Graecorum

241 2831 337 2895 nobis
361 2838 546 2894 occurrunt.

284 2947 320 3007 In
354 2944 580 3007 Eumenidz'bus
612 2965 691 3010 vero
725 2965 888 3027 nusquam
922 2965 1020 3027 supra
1049 2944 1163 3007 Iovem
1187 2954 1366 3026 ponuntur,

240 3067 273 3120 et
302 3079 343 3120 eo
373 3060 445 3140 ipso
480 3058 564 3134 loco,
600 3079 668 3140 quo
703 3079 831 3121 summa
860 3058 958 3121 laude
991 3079 1011 3121 a
1046 3058 1135 3121 Diris
1169 3058 1364 3136 afficiuntur,

240 3169 386 3234 versibus
420 3169 599 3251 940—946
634 3172 707 3235 dico
742 3177 784 3251 (v.
818 3194 850 3254 p.
889 3170 954 3254 51),
989 3171 1070 3235 nihil
1105 3180 1164 3250 est,
1189 3172 1280 3255 quod
1304 3193 1364 3235 nos

240 3284 405 3367 impediat,
435 3285 612 3366 quominus
636 3305 691 3348 eas
714 3306 757 3347 ex
781 3283 1044 3365 προσωποποιίας
1068 3306 1128 3350 usu
1153 3285 1364 3369 explicemus,

240 3420 316 3462 cum
350 3398 465 3462 eadem
501 3399 601 3462 verba
635 3420 664 3463 e.
699 3420 749 3480 gr.
785 3400 826 3462 de
859 3398 942 3484 Δίκῃ
974 3401 1037 3463 dici
1061 3402 1197 3481 possint,
1221 3422 1365 3484 cumque

239 3519 328 3598 ipsae
362 3515 512 3596 Erinyes,
550 3534 634 3596 quae
664 3533 703 3576 ea
738 3516 960 3596 pronuntiant,
995 3535 1146 3598 quaeque
1179 3537 1238 3598 per
1260 3523 1364 3579 totam

238 3626 454 3711 tragoediam,
511 3629 564 3690 cui
621 3648 733 3690 earum
790 3649 910 3692 nomen
968 3628 1163 3707 inscribitur,
1206 3638 1364 3712 tanquam

238 3763 336 3807 verae
359 3743 440 3805 deae
462 3749 652 3820 tractantur,
677 3741 754 3805 nihil
785 3743 846 3806 nisi
869 3743 1057 3807 vehiculum
1081 3746 1153 3822 sint,
1177 3765 1244 3827 quo
1267 3752 1384 3827 poeta*

239 3857 281 3919 ad
315 3878 390 3921 suas
428 3857 642 3938 cogitationes
677 3857 862 3938 prodendas
899 3859 1007 3921 utitur.
1056 3857 1151 3939 Quae
1189 3859 1231 3921 de
1274 3859 1364 3921 Diris

238 4142 271 4190 ab
296 4142 343 4189 diis
368 4143 492 4207 accepisse
518 4144 606 4193 dicunt
622 4149 647 4192 et
664 4160 704 4193 vv.
722 4154 855 4208 349-353
872 4160 898 4193 se
915 4144 941 4192 id
959 4159 1048 4193 munus
1062 4145 1168 4195 libenter
1185 4147 1319 4212 accepisse,
1337 4154 1365 4198 ut

238 4233 327 4281 Iovem
354 4249 385 4281 eo
408 4233 552 4285 liberarent.
576 4235 666 4299 Itaque
690 4235 766 4284 etiam
782 4252 807 4286 v.
824 4249 874 4301 329
892 4235 983 4305 Μοῖρα
1006 4223 1101 4287 videtur
1118 4236 1219 4287 deorum
1238 4237 1278 4286 vel
1296 4238 1365 4287 Iovis

238 4322 316 4372 satum
334 4339 395 4376 esse.
