3106 4822
574 1037 966 1106 EPILOGUS.

699 1263 845 1271 ...o-...—

266 1450 337 1512 lam
371 1449 471 1512 habes
505 1451 685 1532 imaginem
721 1450 772 1513 dei
807 1446 1001 1532 Aeschylei,
1039 1470 1124 1532 quae
1159 1448 1233 1511 licet
1267 1467 1332 1509 non

210 1563 362 1626 omnibus
385 1542 532 1644 partibus
555 1564 595 1626 sit
617 1564 769 1628 absoluta
784 1574 883 1648 atque
896 1563 1059 1646 completa
1072 1600 1111 1610 -
1127 1561 1332 1645 nequeenim

209 1679 309 1742 talem
344 1681 522 1762 imaginem
557 1685 655 1760 poeta
691 1687 799 1743 mente
836 1679 995 1761 concepit,
1030 1698 1090 1740 nec
1119 1683 1255 1739 conatus
1284 1682 1334 1737 est

210 1792 394 1857 describere
428 1829 473 1840 -
508 1800 617 1854 tamen
652 1792 717 1854 iam
749 1802 871 1856 certam
895 1792 1060 1876 quandam
1084 1790 1178 1853 nobis
1200 1787 1334 1871 praebet

209 1907 365 1989 speciem,
390 1914 425 1970 ut
449 1904 660 1968 simulacrum
683 1905 818 1969 alicuius
841 1906 1025 1988 sculptoris,
1050 1925 1149 1989 quam
1167 1903 1333 1967 elaborare

211 2022 277 2083 iam
323 2021 441 2102 coepit,
490 2019 542 2081 cui
589 2027 700 2082 tamen
746 2029 894 2085 extrema
937 2040 1054 2083 manus
1088 2039 1154 2080 non
1188 2017 1333 2080 accessit.

213 2134 280 2197 Hic
315 2134 408 2212 deus,
444 2133 471 2194 si
509 2133 616 2194 minus
651 2134 769 2212 verbiS,
801 2156 835 2198 re
866 2144 975 2199 tamen
1001 2155 1085 2197 unus
1108 2140 1157 2196 est
1185 2132 1213 2214 1)
1236 2138 1335 2213 atque

210 2269 361 2330 persona,
386 2257 422 2311 ut
443 2246 607 2324 homines
632 2249 681 2310 sui
707 2250 857 2312 conscius
883 2247 925 2334 2),
949 2269 1009 2312 nec
1031 2258 1141 2312 tamen
1153 2245 1335 2310 necessario

214 2381 453 2444 cumcorpore
476 2363 669 2426 coniunctus
693 2361 735 2445 3).

259 2475 325 2539 Hic
348 2476 430 2538 deus
454 2484 565 2540 autem
589 2476 720 2540 videtur
744 2496 809 2539 non
833 2477 874 2540 ab
898 2486 1031 2542 aeterno
1055 2477 1163 2552 fuisse,
1177 2476 1235 2539 sed
1248 2482 1336 2537 certo

217 2591 361 2673 quodam
396 2599 520 2672 puncto
559 2592 716 2672 temporis
749 2592 919 2668 exstitisse,
965 2610 1167 2674 quamquam
1203 2589 1336 2651 demon-

213 2704 389 2768 stravimus
424 2703 634 2785 Aeschylum
666 2705 829 2769 interdurn
858 2707 1081 2769 aeternitatem
1106 2713 1138 2767 et
1161 2700 1336 2766 circuatur

213 2839 273 2887 suo
304 2817 368 2881 deo
391 2816 560 2881 vindicare
584 2828 739 2884 conatum
763 2841 834 2884 esse
857 2822 901 2904 4).
949 2819 1104 2882 Vidimus
1129 2818 1226 2880 etiam
1249 2815 1338 2879 hunc

213 2932 324 3006 deum,
362 2931 416 2995 ubi
451 2933 594 3014 primum
630 2954 689 2996 rex
725 2935 863 2998 deorum
894 2936 999 2998 sactus
1022 2941 1117 3011 esset,
1141 2952 1248 3015 neque
1271 2931 1338 2994 fato
1413 2933 1416 2939 '

214 3066 323 3128 neque
353 3046 416 3108 alio
448 3067 515 3128 quo
547 3046 660 3109 divino
684 3050 816 3111 numine
840 3048 1024 3111 inferiorem
1048 3068 1131 3123 esse,
1155 3046 1212 3109 sed
1237 3046 1339 3108 satum

215 3167 328 3222 contra
363 3159 405 3222 ab
441 3179 480 3222 eo
517 3161 585 3242 regi
617 3163 879 3244 necquicquam
903 3161 981 3239 fieri,
1005 3161 1084 3244 quin
1108 3161 1340 3223 huicsummo

216 3272 280 3335 deo
305 3272 501 3337 tribueretur
527 3279 568 3353 5).

262 3386 362 3448 Hunc
375 3395 486 3449 autem
501 3409 669 3452 summum
682 3390 781 3454 deum
794 3390 984 3475 Aeschylus
996 3410 1126 3454 summa
1137 3384 1341 3471 potentiae),

216 3500 350 3562 scientia
385 3521 422 3562 ac
454 3502 610 3583 sapientia
633 3503 680 3583 7),
707 3505 829 3570 iustitia
854 3506 897 3588 8),
920 3505 1064 3569 bonitate
1088 3503 1121 3589 9)
1145 3503 1340 3566 adornatum
