3106 4822
744 285 800 352 131

256 459 319 521 Sed
344 460 432 540 quod
456 459 614 532 homines
639 479 724 539 quae
747 479 861 520 eorum
887 462 966 521 ratio
991 470 1143 541 corrupta
1167 472 1218 524 est
1234 472 1333 543 atque

213 575 315 654 inops,
340 572 526 653 intellegere
551 571 683 632 minime
707 581 854 652 possunt,
879 594 958 635 num
983 575 1041 635 erit
1064 573 1127 635 hoc
1143 565 1216 636 eam
1229 577 1332 656 ipsam

212 687 255 748 ob
280 707 413 747 causam
437 685 624 766 negandum
651 694 752 766 utque
774 687 953 749 absurdum
978 687 1206 750 refutandum?
1243 689 1334 750 Num

211 799 394 873 credemus,
431 797 509 879 quia
543 796 704 859 infinitum
739 800 881 879 spatium
918 809 1025 860 mente
1049 801 1221 881 concipere
1245 800 1334 863 haud

211 933 399 994 possumus,
424 914 566 993 spatium
592 913 733 975 universi
757 912 882 973 finitum
908 919 998 974 esse?
1021 912 1093 974 Aut
1117 916 1193 994 quia
1224 915 1333 975 Deum

212 1029 303 1090 initio
327 1035 490 1088 carentem
516 1028 661 1109 cogitare
685 1048 750 1089 non
774 1048 961 1108 possumus,
986 1029 1105 1090 idcirco
1120 1029 1333 1090 Deumcerto

212 1135 356 1222 quodam
379 1151 527 1222 tempore
551 1151 663 1204 natum
688 1162 758 1203 esse
779 1142 990 1222 putabimus?
1013 1141 1062 1203 At
1075 1143 1161 1204 dicat
1173 1143 1334 1223 quispiam

213 1256 323 1316 Deum
359 1275 423 1316 non
459 1255 585 1319 efficere
619 1277 727 1337 posse,
753 1265 788 1318 ut
812 1254 916 1336 figura
938 1255 1047 1336 aliqua
1070 1255 1186 1316 eodem
1210 1251 1334 1336 puncto

211 1369 367 1449 temporis
392 1370 432 1430 sit
456 1368 595 1430 circulus
620 1380 652 1431 et
675 1369 883 1450 quadratum,
908 1370 1053 1449 itemque
1067 1378 1180 1430 contra
1199 1389 1333 1430 omnem

212 1483 369 1543 rationem
393 1492 425 1542 et
448 1502 560 1543 sanam
586 1493 729 1544 mentem
753 1503 910 1563 pugnare,
935 1483 960 1542 si
973 1481 1120 1543 homines
1133 1482 1166 1543 in
1180 1483 1334 1544 omnibus

212 1595 308 1657 rebus
343 1595 479 1674 agendis
515 1616 534 1657 a
566 1597 640 1657 Deo
665 1606 853 1676 regerentur
878 1605 909 1657 et
932 1599 1041 1658 tamen
1066 1595 1334 1659 malefactorum

212 1710 242 1769 in
266 1728 323 1769 eos
346 1707 443 1788 culpa
467 1709 674 1772 conferretur,
723 1708 781 1772 Cui
808 1709 870 1770 hoc
895 1717 1022 1770 tantum
1048 1711 1242 1790 responde0,
1267 1732 1334 1786 eos,

212 1824 267 1903 qui
307 1831 432 1903 partem
470 1822 598 1884 diuinae
635 1823 747 1883 mundi
784 1823 1027 1913 gubernationis
1064 1822 1189 1899 tollant,
1229 1826 1335 1905 ipsum

214 1937 323 1998 Deum
348 1935 471 2010 tollere,
496 1957 602 2017 neque
623 1936 806 2016 putandum
820 1957 892 1997 esse
905 1935 1113 2016 Aeschylum
1127 1956 1192 1997 non
1205 1929 1336 1998 credere

127 2047 129 2052 ’
213 2050 369 2129 potuisse,
394 2050 484 2132 quod
509 2060 557 2112 tot
582 2049 738 2139 homines,
763 2059 845 2131 quot
869 2050 943 2110 inde
967 2049 1117 2130 aprimis
1130 2051 1336 2131 temporibus

211 2161 321 2224 Sacris
347 2162 454 2224 Libris
477 2164 607 2243 plenam
632 2162 729 2225 fidem
754 2162 946 2238 habuerunt,
973 2162 1169 2225 crediderint
1198 2162 1237 2248 1).
1270 2162 1336 2226 Sed

214 2278 384 2339 redeamus
407 2278 449 2339 ad
468 2299 516 2354 ea,
541 2299 625 2360 quae
648 2286 745 2359 poeta
770 2279 839 2358 ipse
863 2278 903 2338 de
927 2277 987 2338 hac
1012 2297 1046 2338 re
1068 2277 1162 2340 dixit.

258 2391 291 2452 P.
322 2389 493 2471 106-109
517 2392 606 2453 locos
631 2391 809 2469 attulimus,
828 2390 881 2452 ubi
898 2392 966 2452 sine
978 2392 1064 2453 Iovis
1079 2391 1246 2454 voluntate
1259 2391 1337 2453 nihil

215 2503 280 2564 lieri
307 2503 436 2567 dicitur.
483 2504 689 2584 Aeschylum
712 2514 822 2567 autem
847 2507 892 2566 sic
917 2527 1027 2567 revera
1050 2516 1193 2588 putasse,
1218 2507 1337 2568 exhoc
1418 2496 1421 2501 ⁴

215 2619 284 2699 ipso
309 2627 455 2698 apparet,
480 2619 569 2699 quod
594 2618 681 2680 haud
706 2619 874 2694 dubitavit,
900 2621 997 2682 etiam
1023 2603 1076 2682 ubi
1101 2621 1142 2682 de
1167 2620 1336 2683 hominum

214 2731 418 2812 improbitate
442 2752 549 2793 sermo
575 2741 671 2808 esset,
707 2731 767 2793 hac
792 2743 876 2795 stare
900 2736 1066 2796 sententia.
1114 2733 1176 2795 Cui
1201 2736 1246 2795 rei
1271 2733 1335 2795 hoc

193 2883 328 2929 ¹zuhehen
355 2880 481 2937 scheiuen,
508 2879 570 2926 wird
597 2879 640 2926 der
666 2879 802 2927 Nachweis
829 2881 944 2928 versucht
971 2881 1080 2944 werden,
1103 2881 1160 2929 dass
1177 2883 1337 2946 dergleichen

215 2973 373 3037 Aussprtiche
391 2973 459 3020 nicht
478 2972 513 3019 als
532 2972 752 3033 inconsequenzen
770 2972 814 3019 der
832 2972 956 3022 sittliehen
975 2973 1337 3040 Auffassunggeltenlciinnen,

213 3065 320 3112 sondern
339 3063 560 3122 vielmehr·‚einem
579 3062 725 3126 poetischen
743 3062 844 3110 Grunde
861 3063 1054 3111 zuzuschreiben
1071 3063 1197 3113 sind.’'-
1215 3066 1246 3113 Et
1255 3072 1338 3114 tamen

215 3156 280 3203 idem
308 3155 345 3202 vir
372 3155 461 3202 doctus
487 3154 549 3202 dicit
570 3170 595 3216 p.
614 3165 659 3215 32:
678 3153 735 3212 „die
754 3154 837 3202 wahre
859 3156 1031 3220 Anschauung
1049 3157 1093 3204 des
1111 3157 1228 3206 Dichters
1245 3159 1338 3221 spricht

215 3246 268 3292 hier
292 3247 370 3310 (Sept.
389 3246 521 3309 675-677
539 3243 611 3305 scili,
629 3245 676 3292 wie
693 3246 859 3303 dderoll,de1·
878 3245 945 3294 Chor
962 3247 1039 3295 aus”!
1057 3275 1090 3284 -
1108 3248 1138 3295 In
1156 3249 1262 3296 eandem
1279 3265 1335 3297 sen-

216 3337 318 3384 tentiam
335 3337 445 3400 loquitur
463 3338 570 3397 Platner,
588 3353 613 3400 p.
630 3350 675 3398 33:
694 3337 820 3396 „Manche
839 3337 897 3403 (non
909 3339 1218 3405 igitur‚,vereinzelte'',ut
1229 3341 1336 3404 Herwig

213 3426 275 3491 vult)
294 3428 462 3490 Anssprttehe‚
480 3428 576 3476 welche
594 3428 636 3475 die
650 3428 836 3477 menschliehen
853 3429 1069 3494 Handlungenals
1080 3431 1336 3495 blosseErzeugnisse

215 3520 260 3567 des
278 3518 420 3566 Schicksals
437 3520 498 3566 oder
515 3519 558 3566 der
575 3519 714 3582 giittlichen
733 3519 900 3583 Einwirkung
917 3521 1080 3584 bezeichnen,
1099 3524 1163 3585 sind,
1182 3523 1230 3572 wie
1248 3523 1338 3572 bereits

216 3611 330 3658 hemerkt
348 3609 459 3673 worden,
476 3625 519 3657 aus
536 3610 594 3657 dem
612 3610 757 3671 Charalcter,
775 3611 818 3658 der
836 3611 1098 3678 Gemtlthsstinrmung
1116 3615 1166 3662 und
1176 3614 1225 3662 den
1233 3615 1340 3662 Zusttin-

216 3704 264 3750 den
291 3702 335 3749 der
361 3701 548 3765 Smeuhenden,
572 3703 670 3750 sodann
698 3704 757 3749 aber
784 3703 847 3750 auch
873 3719 916 3751 aus
944 3703 1002 3752 dem
1020 3705 1113 3753 Wesen
1130 3706 1174 3752 der
1192 3705 1339 3769 poetischen

218 3793 320 3841 Diction
346 3809 374 3840 zu
400 3792 521 3855 erkltirem
540 3792 635 3842 welche
653 3793 710 3842 eine
726 3793 829 3857 gewisse
848 3793 975 3857 Emphase
993 3794 1107 3858 verlangt
1125 3796 1175 3843 und
1194 3795 1247 3843 ihre
1266 3796 1340 3844 Krast

217 3886 266 3932 und
295 3884 526 3947 Eindringlichheit
552 3883 672 3932 verlieren
699 3885 790 3943 witrde,
818 3900 891 3932 wenn
915 3885 959 3947 sie,
978 3886 1027 3934 wie
1043 3886 1083 3933 die
1101 3885 1340 3935 wissenschastliehe
1416 3877 1417 3880 Ἴ

217 3977 293 4023 l‘rosa
320 3976 364 4023 mit
391 3974 562 4023 Vorbehalten
581 3977 632 4023 und
650 3976 892 4040 Eiuschrttnkungen
910 3978 965 4025 sich
985 3977 1141 4026 ansdrttchen
1159 3977 1268 4030 wollte.’'
1287 3980 1340 4027 Vae

217 4068 290 4132 igitur
307 4068 391 4131 poesi!
411 4067 449 4115 cui
468 4084 506 4115 res
525 4075 574 4114 tam
592 4068 675 4130 gravis
694 4069 814 4116 momenti
832 4075 924 4117 temere
942 4069 1026 4117 ludere
1044 4069 1126 4117 liceat.

254 4167 275 4222 1)
294 4159 358 4207 Vide
377 4175 398 4207 e.
416 4175 452 4222 gr.
473 4159 533 4207 Luc.
544 4159 688 4221 XXll,22:
707 4158 719 4206 ὁ
738 4159 787 4218 μὲν
808 4161 860 4217 υἱὸς
882 4167 924 4208 rou
943 4161 1090 4228 ἀνθρώπων
1108 4161 1251 4227 πορεύεται
1270 4163 1339 4208 κατὰ

221 4255 246 4298 to
273 4250 423 4316 ὡρισμένον·
452 4250 525 4314 ,τλὴν
551 4252 610 4300 υιῖαὶ
639 4253 671 4316 τῷ
696 4251 832 4316 ἀνθρώπια
851 4254 948 4316 ἐκείνῳ,
969 4251 1007 4299 δι’
1025 4273 1055 4302 οι
1074 4253 1270 4319 παραδίδοται.
1308 4253 1340 4302 Et

218 4342 339 4408 imprimis
358 4343 389 4391 ad
410 4342 485 4391 Rom.
504 4342 552 4405 IX,
573 4341 679 4392 11-18.
