3106 4822
255 1578 461 1667 Aeschylum
492 1587 524 1647 in
553 1584 770 1663 Hycleostasin
798 1586 900 1647 satum
924 1605 1022 1667 supra
1045 1585 1160 1648 lovem
1184 1584 1334 1666 posuisse

213 1720 278 1762 non
303 1701 485 1763 necessario
509 1698 707 1760 credendum
731 1709 790 1762 est.

710 1928 713 1933 .
754 1877 793 1938 ll.

160 2137 163 2141 .
254 2053 443 2135 Aeschylus
468 2053 523 2113 τὸν
550 2058 625 2116 {tenir
646 2013 772 2130 *notior
798 2074 863 2116 non
887 2051 1046 2134 intellegit
1070 2051 1199 2134 vulgari
1224 2071 1333 2141 sensu.

742 2256 801 2318 ΙΙΙ.

254 2435 370 2496 Parum
396 2441 482 2495 recte
507 2432 687 2515 Chantepie
710 2434 751 2495 de
775 2434 806 2496 la
829 2420 991 2514 Saussuye
1015 2432 1145 2514 scripsit
1160 2431 1335 2512 Relngz'ons·

206 2546 378 2626 geschichte
407 2546 446 2623 ΙΙ,
487 2563 561 2626 174:
595 2547 663 2608 »Es
693 2549 733 2609 ist
765 2568 848 2629 ganz
879 2546 1024 2623 versehlt,
1057 2565 1151 2608 wenn
1182 2565 1258 2608 man
1282 2545 1335 2607 die

210 2660 372 2741 objective
408 2660 522 2724 Macht
551 2661 609 2723 der
643 2660 824 2743 gottlichen
860 2659 978 2737 Strale,
1014 2660 1068 2722 die
1102 2661 1234 2744 Erinys,
1265 2683 1334 2725 ver·

211 2773 359 2855 fluchtigt
388 2797 425 2838 zu
450 2775 539 2837 einer
564 2754 825 2838 Personification
851 2775 908 2836 des
933 2775 1118 2838 strafenden
1142 2773 1334 2852 Gewissens,

213 2888 285 2951 cine
320 2888 487 2966 moderne,
520 2888 643 2950 freilich
667 2887 769 2951 sehon
793 2883 1031 2970 euripideische
1054 2888 1260 2972 Auflassung
1283 2890 1335 2952 die

208 3000 280 3064 dem
304 3001 442 3081 Aescltyl
458 3021 548 3080 ganz
561 3001 682 3079 fremd
699 2997 771 3065 ist.'’

746 3179 806 3244 lV.

257 3341 428 3422 Perpetem
452 3341 599 3405 nonnulli
626 3342 819 3405 Prometheo
835 3341 1024 3426 Aeschyleo
1037 3363 1233 3425 generosam
1245 3352 1336 3407 natu-

211 3474 280 3516 ram
304 3453 494 3519 attribuunt.
538 3456 604 3518 Hic
628 3456 709 3518 deus
732 3457 818 3519 enim
842 3457 951 3538 potius
976 3477 1053 3519 cum
1077 3455 1208 3535 Satana,
1233 3478 1332 3539 quam

211 3588 287 3629 curn
320 3568 449 3632 Christo
481 3569 530 3653 (ut
560 3592 660 3654 egr.
686 3570 740 3635 W.
766 3569 884 3649 Christ,
917 3570 1039 3634 Grieclz.
1064 3554 1335 3651 Litteraiurgescle.

213 3683 272 3744 ΙΙῒθ
294 3682 385 3745 Aufl.
410 3706 441 3766 p.
471 3685 531 3762 184
555 3685 643 3767 facit)
666 3685 906 3767 comparandus
929 3694 987 3749 est.

754 3849 797 3911 V.

255 4007 445 4092 Aeschylus
479 4010 544 4074 sere
580 4010 665 4074 idem
696 4011 842 4088 credidit,
873 4011 962 4093 quod
990 4012 1109 4073 docent
1132 4009 1222 4073 Sacri
1248 4010 1337 4073 Libri

212 4122 255 4203 (e.
277 4142 325 4201 gr.
347 4122 396 4185 ad
414 4122 507 4187 Rom.
532 4124 593 4199 IX,
623 4126 679 4187 18:
703 4128 765 4207 ἄρα
789 4115 845 4186 οὖν
869 4125 903 4188 ὃν
923 4121 1023 4201 otta,
1043 4121 1129 4185 ἐλεῶ
1143 4125 1178 4184 ὃν
1192 4121 1336 4202 sithilia,

213 4231 392 4318 σκληρύνει)
431 4246 463 4299 et
493 4238 530 4309 ld
565 4238 699 4320 quidem
734 4238 822 4302 salva
856 4239 965 4303 divina
999 4239 1134 4314 iustitia;
1168 4239 1211 4316 id,
1247 4240 1336 4322 quod

195 4347 361 4431 ‚Jlerwig
386 4349 525 4429 Platner,
549 4350 607 4414 alii·
624 4361 756 4435 negant.
