3106 4822
760 307 800 372 32

215 503 306 544 mum
330 483 491 564 pertinere
514 481 674 557 videntur,
700 488 845 543 nostram
865 480 906 542 de
921 478 1080 560 Aeschyli
1096 478 1343 541 monotheismo

212 597 402 678 opinionem
437 595 660 670 corroborant,
693 614 799 676 eoque
834 594 916 675 ipso,
954 593 1045 675 quod
1080 593 1108 654 ei
1146 594 1202 667 rei,
1240 612 1341 674 quarn

214 709 377 771 debebant
423 709 608 784 defendere,
657 716 851 789 repugnant,
900 727 1053 788 magnam
1096 707 1162 768 vim
1198 706 1342 768 veritatis

216 844 292 885 cum
328 821 570 885 monotheismo
595 823 743 885 facientis
768 823 1003 886 demonstrant.
1049 821 1231 884 Sescenties
1256 822 1343 884 enirn

214 937 246 997 in
277 934 436 1016 Aeschyli
467 935 642 1016 tragoediis
666 957 736 998 vox
764 937 832 994 drot
857 956 993 997 numero
1016 936 1135 1018 plurali
1160 935 1340 999 adhibetur.

214 1049 263 1111 At
297 1051 323 1111 si
358 1050 468 1131 plures
503 1058 580 1112 sunt
615 1050 670 1126 dii,
695 1049 727 1111 hi
753 1071 881 1112 ommes
905 1051 1051 1112 diversas
1075 1058 1207 1112 naturas
1233 1049 1338 1111 diver-

214 1184 352 1246 samque
385 1164 566 1245 potentiam
601 1163 722 1226 habere
751 1163 875 1226 debent
905 1164 1067 1249 (exceptis
1091 1162 1158 1224 scil.
1184 1163 1231 1239 iis,
1257 1182 1342 1244 quae

215 1277 349 1338 omnino
385 1277 427 1338 ad
462 1276 607 1338 divinam
643 1286 793 1339 naturam
828 1275 1015 1360 pertinent).
1064 1276 1165 1357 Quod
1197 1277 1241 1338 ita
1272 1297 1343 1338 esse

215 1390 377 1465 videmus,
415 1390 470 1451 ubi
495 1391 536 1452 de
559 1392 655 1453 certis
679 1392 738 1452 diis
761 1400 811 1453 est
834 1412 952 1454 sermo.
988 1389 1044 1452 Sic
1067 1411 1095 1452 e.
1120 1411 1168 1471 gr.
1201 1389 1342 1451 multum

215 1505 351 1566 interest
383 1504 464 1566 inter
488 1504 676 1567 Vulcanum
701 1513 733 1567 ct
756 1505 932 1580 Venerem,
957 1505 1097 1566 Martem
1121 1512 1153 1565 et
1179 1502 1342 1578 Cererem,

217 1618 417 1679 Mercurium
456 1626 488 1680 et
524 1617 717 1694 Minervam,
753 1617 797 1680 ita
829 1626 864 1680 ut
895 1619 1036 1700 quisque
1060 1617 1180 1679 horum
1204 1618 1342 1679 deorum

215 1752 309 1793 suam
353 1731 519 1812 propriam
555 1729 673 1793 habeat
708 1740 868 1793 naturam.
904 1732 968 1796 Ubi
1004 1739 1114 1793 tamen
1138 1729 1260 1812 aliquid
1295 1729 1336 1791 ad

213 1845 384 1907 universos
422 1845 501 1906 deos
538 1845 683 1921 refertur,
719 1846 750 1906 hi
775 1866 891 1908 omnes
916 1866 1013 1907 unam
1038 1845 1190 1907 videntur
1213 1843 1341 1907 efficere

215 1979 399 2040 personam,
418 1959 446 2046 r)
470 1959 590 2042 singuli
615 1970 725 2023 autem
740 1962 809 2022 eius
822 1971 930 2041 partes
945 1981 1028 2034 esse,
1043 1980 1128 2042 quae
1142 1960 1253 2040 opinio
1267 1979 1343 2021 con-

216 2073 360 2135 firmatur
395 2095 445 2150 e0,
476 2074 566 2156 quod
600 2095 699 2137 unam
723 2075 926 2156 eandemque
951 2094 1019 2135 rem
1044 2073 1145 2134 modo
1169 2072 1211 2134 ad
1237 2093 1339 2135 unum

213 2187 313 2249 deum
349 2188 557 2270 (plerumque
591 2188 727 2271 lovem),
760 2189 860 2251 modo
890 2188 932 2250 ad
957 2197 1093 2250 cunctos
1118 2187 1199 2249 deos
1224 2187 1333 2249 referri

212 2301 372 2376 videmus,
413 2301 499 2362 unde
534 2301 644 2382 colligi
680 2311 789 2383 potest
822 2322 938 2364 vocem
974 2303 1042 2361 tlrol
1073 2300 1156 2382 plur.
1180 2321 1269 2363 num.
1294 2321 1338 2362 ex

212 2422 322 2477 vetere
373 2415 609 2476 consuetudine
655 2415 813 2492 adhiberi,
860 2415 1066 2498 Aeschylum
1112 2424 1221 2478 tamen
1268 2413 1340 2475 reli-

214 2529 313 2609 gione
336 2548 501 2611 quaquam
525 2549 590 2591 non
616 2529 812 2611 impeditum
830 2530 938 2605 fuisse,
963 2531 1042 2612 quin
1061 2529 1123 2591 hos
1135 2528 1245 2610 plures
1259 2527 1339 2588 deos

216 2643 249 2704 in
293 2664 394 2705 unum
435 2643 534 2706 deum
569 2644 740 2726 redigeret.
788 2644 843 2708 Sic
879 2645 964 2708 Pers.
1001 2644 1076 2720 216,
1114 2652 1148 2706 ut
1183 2641 1338 2722 exemplo

214 2765 295 2831 utar,
331 2755 450 2818 chorus
486 2757 603 2819 suadet
633 2757 786 2834 Atossae,
812 2767 847 2822 ut
871 2758 1025 2820 omnibus
1049 2758 1143 2819 diis
1167 2755 1338 2838 supplicet,

212 2890 244 2931 ν.
281 2883 341 2950 345
380 2871 444 2932 dii
480 2881 609 2935 servant
644 2871 806 2949 AthenaS,
841 2895 872 2936 ν.
908 2871 974 2936 360
1008 2871 1137 2934 Xerxes
1172 2871 1338 2932 obnoxius

212 2981 310 3044 fuisse
333 2983 451 3046 dicitur
486 2985 679 3047 deorum
723 2986 873 3062 invidiae,
906 3007 936 3048 ν.
971 3001 1030 3066 371
1072 2985 1192 3047 Xerxis
1226 2984 1338 3046 clades

212 3097 248 3155 τὸ
283 3092 398 3173 μέλλον
433 3098 465 3157 ἐκ
501 3098 620 3158 θεῶν
658 3098 792 3176 dicitur;
825 3121 856 3161 ν.
880 3111 945 3178 452
970 3108 1079 3161 tamen
1103 3098 1186 3161 banc
1209 3098 1337 3159 cladem

213 3231 316 3272 unus
340 3211 440 3272 deus
464 3209 577 3287 effecit,
602 3234 633 3274 ν.
657 3229 724 3291 470
748 3209 907 3291 δαίμων
932 3211 973 3275 ab
998 3215 1121 3274 Atossa
1144 3211 1337 3274 calamitatis

211 3345 307 3386 causa
341 3331 486 3401 vocatur,
520 3333 555 3387 ut
578 3326 675 3387 etiam
699 3348 729 3388 v.
757 3339 817 3406 513
843 3347 863 3388 a
886 3325 987 3388 choro
1013 3326 1057 3402 fit,
1092 3327 1148 3408 qui
1173 3335 1281 3388 tamen
1306 3346 1337 3390 ν.

214 3453 276 3518 530
299 3437 377 3500 dicit
413 3437 554 3502 Iovem
587 3441 768 3503 exercitum
803 3441 975 3503 Persarum
999 3441 1188 3522 perdidisse.
1215 3440 1246 3523 2)
1283 3440 1337 3504 Sic

248 3647 270 3711 ι)
296 3649 483 3713 Naegelsbach,
512 3651 546 3701 N.
574 3650 609 3700 H.
628 3651 676 3699 Th.
694 3668 718 3715 p.
738 3662 795 3715 345,
816 3665 861 3712 14:
879 3651 955 3711 „Und
974 3667 1057 3711 wenn,
1075 3667 1126 3700 was
1144 3651 1181 3700 ost
1198 3652 1337 3717 geschicht,

212 3739 257 3787 der
284 3739 390 3805 Vollzug
416 3741 483 3791 einer
507 3742 587 3790 Stral'e
613 3742 662 3790 den
686 3742 791 3791 Gottern
814 3743 848 3790 im
867 3743 1036 3807 Algerneinen
1054 3744 1249 3808 zugeschrieben
1266 3743 1336 3802 wird‚

211 3846 238 3877 so
264 3831 361 3880 erlaubt
388 3833 432 3880 der
450 3834 516 3881 oben
534 3833 567 3896 Il,
587 3847 626 3895 22,
646 3847 660 3882 2
678 3834 824 3899 dargelegte
843 3835 961 3883 chbsel
979 3836 1024 3884 der
1042 3835 1267 3900 polytheistischen
1285 3836 1336 3884 und

211 3922 451 3971 monotheistischen
468 3924 689 3974 Ansdrucksweise
707 3927 887 3988 anznnehmen,
908 3927 965 3974 dass
983 3926 1029 3974 mit
1046 3927 1104 3974 dem
1124 3927 1257 3976 Ausdruck
1277 3928 1336 3976 deul

211 4014 254 4062 die
273 4014 387 4063 Gottbeit
405 4016 543 4080 uberhaupt
560 4017 670 4081 gemeint
688 4018 732 4081 sei,
750 4018 807 4066 dass
825 4019 884 4067 aber
899 4019 970 4082 jeder
989 4018 1104 4077 Grieche,
1122 4019 1167 4067 der
1183 4019 1245 4080 sich,
1263 4035 1335 4068 wenn

210 4122 260 4154 von
286 4105 417 4170 gdttlicher
435 4106 516 4156 Strase
534 4107 568 4155 im
587 4108 765 4172 Allgemeinen
784 4109 825 4159 die
845 4110 916 4159 Rede
933 4110 972 4169 ist,
990 4109 1046 4158 eine
1063 4109 1203 4159 bestimmte
1222 4111 1336 4160 Gottheit

210 4197 247 4245 als
264 4195 374 4245 strafend
392 4197 492 4246 denhen
510 4198 604 4258 wollte,
621 4201 711 4263 gewiss
729 4218 775 4250 nur
792 4201 838 4250 auf
851 4202 915 4251 Zeus
933 4201 1053 4250 versallen
1072 4201 1166 4251 ware.''

244 4290 269 4350 2)
306 4289 380 4350 Quod
407 4306 428 4337 v.
448 4302 496 4354 352
522 4291 624 4340 nuntius
651 4292 787 4358 ἀλάστορα
815 4293 926 4342 nominat
952 4301 976 4342 et
1002 4311 1025 4344 v.
1046 4305 1094 4357 549
1113 4294 1209 4343 Xerxes
1226 4311 1241 4343 a
1258 4295 1335 4343 choro

211 4378 302 4427 dicitur
326 4380 459 4429 exercitum
488 4381 616 4430 Persarum
642 4383 786 4447 perdidisse,
813 4384 935 4448 possimus
962 4385 1055 4434 addere
1086 4385 1196 4434 Graecos
1222 4393 1334 4434 auctores
