3106 4822
789 240 832 323 96

251 431 445 494 immortalis
479 451 569 508 vero,
603 431 694 512 quod
728 430 770 494 ad
806 430 963 506 animum,
999 432 1135 514 eiusque
1165 451 1254 494 mors
1278 433 1310 495 in
1332 452 1378 495 eo

250 547 312 609 sita
349 554 411 625 est,
457 545 547 629 quod
595 544 785 608 Immortalis
824 546 954 609 animus
997 545 1038 608 ab
1074 565 1211 628 corpore
1245 547 1377 610 mortali

252 668 434 743 separatur.

296 772 380 836 Cum
418 774 517 855 igitur
551 772 699 836 homines
739 793 804 836 non
839 775 946 836 minus
980 773 1197 836 immortalem
1233 772 1376 836 habeant

250 888 395 950 animum
429 906 530 969 quam
565 886 608 948 dii
644 887 792 969 spiritum
831 886 1058 962 immortalem,
1099 885 1274 950 discrimen
1308 908 1375 949 non

249 1010 357 1083 potest
392 1021 457 1063 non
493 1000 525 1063 in
560 1020 698 1082 corpore
732 1002 830 1064 situm
866 1021 947 1065 esse.
995 1001 1065 1064 Iam
1103 1000 1201 1083 igitur
1232 1020 1283 1062 res
1305 1009 1377 1064 tota

249 1114 370 1197 pendet
405 1135 448 1177 ex
482 1114 542 1177 hac
578 1115 779 1198 quaestione,
813 1124 922 1178 utrum
954 1116 1096 1178 numinis
1125 1115 1223 1176 divini
1255 1134 1375 1198 corpus

250 1228 419 1311 proprium
444 1228 484 1290 sit
507 1248 619 1290 necne.
658 1227 692 1291 Si
717 1231 802 1292 enim
827 1230 1001 1293 statuimus
1026 1228 1125 1291 deum
1149 1227 1375 1311 Aeschyleum

250 1361 315 1403 non
339 1342 409 1403 sine
429 1361 567 1423 corpore
587 1343 799 1423 cogitandum
816 1363 899 1419 esse,
912 1342 991 1405 illud
1008 1361 1191 1424 cognomen
1205 1339 1375 1406 ἀθανάτου

249 1454 292 1518 ad
324 1453 433 1517 solum
465 1454 611 1517 divinum
647 1476 767 1537 corpus
799 1457 857 1519 erit
881 1457 1098 1533 referendum,
1123 1457 1173 1518 sin
1198 1456 1317 1532 minus,
1341 1455 1374 1518 id

250 1589 370 1631 nomen
403 1570 449 1631 sic
484 1571 712 1652 accipiendum
743 1574 813 1649 erit,
846 1581 880 1636 ut
903 1574 985 1636 deus
1010 1574 1144 1636 omnino
1168 1593 1233 1635 non
1258 1571 1375 1634 habeat
1458 1618 1462 1625 -

249 1701 378 1764 corpus
403 1683 492 1764 quod
516 1686 619 1746 emori
642 1687 757 1767 possit,
781 1685 883 1748 homo
908 1696 1021 1749 contra
1044 1686 1173 1750 habeat.
1215 1686 1377 1768 Apparuit

250 1803 360 1858 autem
384 1797 472 1878 (pag.
496 1797 550 1878 93)
583 1797 791 1880 Aeschylum
824 1800 923 1862 deum
948 1800 1111 1862 interdum
1136 1801 1205 1861 sine
1229 1799 1374 1862 humano

250 1929 396 1991 corpore,
419 1909 613 1994 plerumque
636 1922 745 1975 tamen
769 1934 809 1975 eo
831 1914 1016 1995 praeditum
1041 1913 1248 1994 cogitavisse,
1268 1934 1375 1995 neque

251 2024 349 2105 igitur
371 2044 491 2106 corpus
514 2025 643 2088 divinae
667 2035 801 2089 naturae
823 2028 992 2109 proprium
1016 2047 1099 2105 esse,
1124 2047 1223 2110 quam
1248 2027 1373 2089 obrem

250 2157 310 2199 nos
334 2136 423 2199 illam
448 2137 725 2202 immortalitatem
749 2141 796 2202 sic
819 2142 1026 2222 accipiemus,
1051 2151 1087 2204 ut
1102 2141 1229 2204 divinus
1243 2143 1373 2224 spiritus

251 2271 418 2333 nunquam
443 2252 572 2314 interire
594 2255 707 2335 possit,
732 2274 839 2336 neque
861 2255 893 2316 in
913 2255 1041 2318 mortali
1061 2272 1199 2338 corpore
1219 2265 1372 2336 tanquam

250 2367 281 2428 in
304 2387 381 2428 vase
412 2365 453 2428 sit
482 2366 637 2444 inclusus,
674 2368 754 2430 deus
784 2378 893 2432 autem
918 2390 957 2432 eo
981 2371 1065 2451 ipSO,
1081 2357 1179 2453 quod
1204 2379 1373 2432 aeternum

250 2478 369 2542 habeat
403 2481 563 2562 spiritum,
601 2482 872 2566 quotiescumque
906 2482 996 2560 velit,
1032 2482 1209 2546 humanam
1244 2484 1374 2546 aliudve

250 2613 369 2676 corpus
392 2594 495 2675 possit
517 2594 661 2658 induere.

294 2707 364 2770 Iam
399 2708 466 2771 iere
509 2707 738 2790 intellegimus
779 2729 865 2791 quae
899 2710 938 2772 sit
974 2708 1116 2771 numinis
1151 2710 1251 2773 divini
1285 2709 1372 2791 apud

248 2821 457 2905 Aeschylum
498 2823 736 2885 immortalitas.
790 2823 876 2884 Dico
917 2823 1005 2905 apud
1041 2823 1260 2906 Aeschylum,
1297 2841 1372 2889 nam

249 2944 376 2999 constat
416 2937 503 3019 apud
539 2935 682 3023 Graecos
724 2937 888 3000 interdum
931 2937 973 2999 de
1007 2937 1144 3001 alicuius
1181 2938 1247 3000 dei'
1269 2947 1374 3001 morte

248 3043 434 3113 ‘sermonem
469 3050 579 3125 fuisse,
616 3052 719 3114 immo
751 3072 826 3113 cum
850 3051 990 3114 aliorum
1015 3051 1155 3115 deorum
1177 3059 1247 3114 tum
1273 3052 1374 3133 ipsius

249 3164 337 3226 Iovis
360 3164 546 3245 sepulcrum
571 3163 828 3227 demonstratum
853 3164 963 3227 fuisse.
992 3163 1020 3244 1)
1061 3163 1126 3226 Hic
1150 3164 1271 3226 obiciat
1294 3164 1373 3226 mihi

248 3275 364 3359 aliquis
406 3278 513 3359 ipsum
557 3275 766 3358 Aeschylum
810 3274 984 3340 credidisse
1027 3276 1108 3339 deos
1146 3277 1227 3340 mori
1250 3271 1374 3359 posse,

248 3391 370 3475 quippe
393 3392 449 3474 qui
473 3390 552 3453 deos
576 3391 608 3452 in
632 3389 804 3453 Tartarum
828 3391 974 3454 detortos
997 3400 1055 3455 aut
1072 3392 1174 3453 ituros
1195 3388 1372 3453 induxerit.

250 3505 405 3570 Concedo
440 3526 552 3569 revera
586 3505 663 3568 talia
697 3505 729 3567 in
761 3505 831 3567 eius
855 3504 974 3569 sabulis
999 3525 1180 3581 occurrere,
1203 3525 1280 3568 ecce
1303 3502 1367 3567 loci

246 3620 379 3684 ¹fatales:

248 3785 298 3832 und
316 3783 403 3833 zuletzt
419 3783 462 3832 rin
480 3783 507 3831 in
524 3781 612 3830 vallem
631 3780 711 3829 Sirene
727 3797 752 3829 so
769 3796 801 3828 zu
819 3779 967 3828 nennender
989 3777 1300 3846 Unsterbliclikeitsglaube
1316 3777 1371 3831 sich

248 3875 379 3924 ausbilden
405 3877 440 3924 im
467 3874 574 3940 Gelolge
600 3889 650 3922 von
677 3872 893 3936 Erscheinungen,
918 3871 960 3920 die
987 3856 1066 3921 theils¹
1085 3872 1130 3921 das
1153 3862 1372 3938 Emporkommen

248 3968 317 4028 alter,
340 3969 365 4016 in
388 3968 433 4017 der
456 3967 559 4032 vorigen
582 3964 688 4014 Perinde
706 3962 892 4012 unterdrtickter
909 3961 1037 4011 Elemente
1055 3962 1099 4010 des
1117 3962 1251 4027 religiosen
1270 3963 1371 4023 Lebens

248 4059 380 4121 bedeuten,
396 4059 470 4108 theils
486 4060 536 4107 den
554 4057 655 4106 Eintritt
671 4072 735 4120 ganz
753 4070 828 4103 nener
846 4051 943 4113 Krttlte‚
961 4053 1004 4103 die
1022 4053 1056 4102 im
1072 4054 1165 4103 Verein
1184 4055 1228 4105 mit
1245 4056 1304 4105 dem
1322 4054 1372 4106 neu

248 4150 416 4211 gewordenen
433 4150 509 4198 Alten
527 4149 566 4197 ein
586 4148 680 4196 Drittes
697 4163 740 4195 aus
757 4146 809 4195 sich
828 4145 1001 4210 hervorgehen
1020 4144 1128 4195 lassen.”
1148 4148 1150 4152 ⁴
1260 4148 1261 4152 ’
1355 4134 1360 4153 '

285 4239 307 4306 1)
324 4241 364 4288 De
382 4241 451 4289 Iovis
468 4240 582 4305 sepulcro
599 4240 658 4288 vide
676 4237 727 4287 Cic.
744 4239 777 4287 (le
793 4244 844 4286 nat.
861 4237 974 4300 deorum,
992 4237 1045 4299 111,
1063 4250 1103 4299 21,
1121 4249 1161 4302 53.
1180 4237 1231 4286 Clr.
1248 4232 1370 4304 Nae'gels-

249 4331 322 4390 bach,
339 4331 372 4380 N.
391 4331 415 4381 h.
435 4331 525 4380 Theol.
545 4331 667 4382 Anmerk.
685 4344 700 4380 2
718 4330 751 4395 (p.
769 4331 837 4397 477).
1358 4336 1361 4341 '
