3106 4822
770 266 829 325 108

281 450 320 511 In
362 450 466 513 Prom.
506 449 646 530 denique
682 449 782 511 totius
818 449 947 529 generis
982 447 1116 510 humani
1154 448 1293 510 salutem
1329 450 1360 509 in

237 563 374 624 deorum
409 571 568 643 potestate
602 563 743 644 positam
778 582 851 623 esse
897 561 1057 637 videmus,
1100 581 1176 622 cum
1212 559 1292 630 Ζεύς
1328 560 1361 622 id

237 675 345 737 delere
379 675 527 750 voluerit,
552 675 767 738 Prometheus
790 685 899 738 tamen
923 673 988 736 hoc
1011 675 1226 756 impediverit.
1263 673 1359 754 Quae

236 791 346 851 omnia
368 788 556 870 Aeschylus
579 790 692 871 paucis
706 789 812 851 verbis
830 787 1089 870 comprehendit,
1105 789 1217 851 dicens
1231 788 1360 866 (figam.

241 901 489 988 1448-1449):

312 1034 316 1041 ·
414 1014 449 1076 iri>
475 1019 515 1094 iri,
539 1013 605 1076 διαὶ
630 1016 706 1088 Διὸς
730 1015 906 1076 παναιτίου
931 1012 1120 1095 πανεργέτα.

414 1129 446 1190 τί
469 1131 528 1207 γὰρ
552 1131 674 1213 βροτοῖς
697 1131 775 1190 ἄνευ
800 1130 875 1201 Λιὸ,·
899 1126 1057 1205 triricum

280 1242 365 1305 Cum
399 1244 498 1324 igitur
532 1263 582 1305 res
617 1243 780 1306 humanae
817 1244 864 1304 sic
897 1244 1055 1318 eveniant,
1092 1251 1128 1305 ut
1162 1241 1240 1311 Ζιύς
1274 1244 1358 1318 vult,

236 1357 385 1418 homines
419 1366 530 1419 autem
566 1378 642 1418 suas
679 1373 730 1418 res
765 1358 889 1419 ratione
920 1365 953 1418 et
983 1356 1120 1418 consilio
1145 1365 1269 1436 gerant,
1294 1377 1359 1418 non

218 1479 372 1552 ‘possunt
395 1491 459 1532 non
484 1472 573 1551 ipsae
596 1470 766 1532 hominum
790 1471 1001 1550 cogitationes
1014 1469 1274 1532 etvoluntatesa
1295 1471 1359 1531 deo

237 1585 313 1663 regi.
360 1582 461 1662 Quod
493 1583 682 1666 Aeschylus
715 1585 867 1646 nimirum
892 1583 1060 1660 intellexit,
1085 1600 1159 1645 nam
1183 1585 1270 1645 Pers.
1294 1583 1357 1662 763

237 1695 343 1778 Cyrus
367 1696 485 1758 dicitur
509 1697 571 1758 deo
597 1718 661 1759 non
685 1698 763 1759 odio
787 1697 897 1774 fuisse,
912 1699 1033 1780 quippe
1047 1698 1103 1779 qui
1117 1705 1202 1759 recte
1215 1706 1356 1777 saperet:

415 1811 489 1882 θιὸς
512 1809 572 1890 γὰρ
597 1808 651 1870 οὐκ
676 1814 828 1891 ἤχθηρεν,
852 1811 893 1882 ὡς
917 1811 1041 1888 εὔφρων
1066 1809 1135 1888 ἔφυ.

282 1924 380 1987 Unde
403 1924 541 1987 edicitur
565 1925 663 1986 deum
688 1925 835 2006 potuisse
861 1923 996 2005 Cyrum,
1031 1925 1058 1986 si
1083 1925 1112 1986 ei
1137 1924 1214 1986 odio
1234 1923 1359 1998 suisset,

236 2039 420 2100 dementem
445 2038 561 2112 facere,
586 2039 618 2100 id
643 2039 734 2120 quod
757 2040 947 2102 conceditur
969 2038 1058 2102 Pers.
1088 2037 1277 2118 105—'1062

501 2148 670 2232 δολόμητιν
696 2148 723 2211 δ’
747 2150 881 2211 ἀπάταν
905 2156 983 2213 θεοῦ

428 2276 440 2287 “
504 2264 551 2335 τίς
575 2263 655 2345 ἀνὴρ
680 2265 803 2335 θνατὰ,ὶ
826 2261 952 2340 ἀλύξεις

281 2379 388 2440 Etiam
424 2379 546 2457 Agara.
582 2380 757 2458 891—892
794 2378 924 2455 dicitur,
957 2379 983 2439 si
1019 2378 1093 2458 quis
1127 2386 1212 2439 reete
1244 2377 1359 2458 sapiat,

235 2491 299 2552 hoc
324 2493 505 2553 maximum
529 2492 655 2554 donum
679 2493 730 2554 dei
754 2513 847 2554 esse:

636 2606 689 2664 καὶ
713 2605 749 2665 τὸ
772 2607 813 2684 μὴ
838 2606 939 2677 κακῶς
964 2610 1091 2685 φρονεῖν

391 2719 467 2779 θεοῦ
489 2714 638 2798 μέγιστον
664 2716 773 2799 δῶρον.
804 2719 841 2802 1).

281 2833 404 2896 Contra
437 2841 562 2896 tantam
597 2842 793 2914 potestatem
817 2832 918 2895 homo
943 2832 1020 2894 nihil
1045 2832 1131 2895 valet
1154 2833 1269 2915 (From.
1292 2848 1357 2912 902

235 2949 380 3030 -905)=

389 3058 549 3140 οέπολιμο,1
571 3058 622 3122 ὅδε
647 3061 674 3138 y’
699 3063 717 3122 o‘
739 3059 884 3141 πόλεμος,
908 3062 1017 3141 ἄπορα
1042 3063 1182 3140 πόριμος,

389 3170 457 3234 οὐδ’
480 3173 541 3255 ἔχω
567 3173 616 3246 τίς
639 3177 679 3238 ἄν
703 3173 865 3254 γενοίμαν·

390 3289 451 3348 τὰν
476 3288 552 3359 Διὸς
574 3289 634 3368 μὰρ
658 3289 714 3369 οὐχ
738 3288 799 3368 ὃρὼ

389 3405 483 3480 μῆτιν
506 3401 574 3482 ὅπα
597 3402 725 3480 φύγοιμ’
748 3403 799 3461 ἄν.

278 3514 388 3596 Quare
412 3515 550 3597 Pylades
574 3513 727 3578 Orestam
751 3515 798 3576 sic
823 3523 934 3576 monet
958 3512 1106 3595 (cleope.
1131 3514 1226 3596 895l:

389 3627 541 3699 ἅπαντας
565 3629 697 3710 ἐχθρούς
721 3629 787 3689 τῶν
812 3629 899 3688 θεῶν
923 3632 999 3706 η’μοῐν
1024 3623 1132 3703 πλέον,

235 3743 254 3804 i.
279 3763 307 3804 e.
332 3762 446 3803 omnes
469 3743 618 3805 inimicos
641 3743 701 3805 diis
726 3742 891 3805 inferiores
914 3750 1003 3823 puta.
1029 3741 1060 3823 2)

269 3961 291 4028 τ)
309 3964 375 4013 Vide
392 3965 466 4014 eriam
484 3965 555 4014 Pers.
573 3974 632 4028 470,
651 3964 792 4030 715-716,
810 3973 866 4026 741,
885 3961 947 4021 822;
965 3963 1055 4027 Agam.
1077 3963 1131 4024 126,
1150 3963 1207 4013 260.

268 4053 292 4118 2)
319 4056 360 4104 Sic
386 4056 452 4105 enim
478 4073 534 4106 cum
561 4056 697 4105 Wecklino
723 4062 819 4104 vertere
846 4055 915 4104 haud
938 4055 1034 4103 dubito.
1061 4055 1136 4116 Quod
1159 4055 1266 4120 primum
1291 4061 1358 4103 totus

233 4149 353 4198 sermonis
371 4157 499 4199 contextus
516 4150 619 4214 flagitat,
637 4165 696 4199 nam
714 4150 814 4198 Orestes
831 4148 922 4197 dubius
938 4148 1052 4208 haesitat,
1071 4153 1154 4196 utrum
1172 4147 1228 4196 voci
1246 4154 1356 4211 naturae,

233 4247 258 4289 ut
282 4240 355 4288 matri
378 4247 463 4304 parcat
487 4241 606 4299 monenti,
630 4257 663 4288 an
687 4240 840 4289 minantibus
863 4238 989 4303 Apollinis
1012 4237 1095 4288 verbis
1118 4239 1201 4303 potius
1230 4238 1356 4300 oboediat,

233 4348 308 4397 quam
333 4333 367 4381 ob
390 4348 443 4381 rem
466 4332 572 4397 Pylades
596 4333 656 4381 dicit
681 4332 770 4382 melius
792 4346 846 4381 esse
870 4346 958 4380 omnes
981 4331 1043 4380 alios
1060 4331 1154 4381 habere
1171 4331 1263 4394 hostes,
1280 4346 1356 4396 quarn
