3106 4822
667 1029 823 1094 CAPUT
845 1030 887 1094 ΙΙ.

463 1220 519 1281 ΒΕ
543 1233 605 1281 uui
630 1232 796 1281 seleutia
820 1233 866 1281 ur
890 1232 1089 1281 snpruurm.

704 1434 849 1442 ,ἐ-

264 1614 393 1675 Electra
427 1614 458 1675 in
487 1612 621 1694 Cleobpla.
644 1635 721 1676 cum
745 1615 846 1677 dubia
869 1613 1018 1691 haesitat,
1044 1614 1123 1697 quid
1146 1612 1198 1676 ille
1220 1613 1339 1676 cincin-

218 1748 290 1804 nuS,
315 1729 347 1789 in
360 1729 459 1809 patris
472 1728 622 1809 sepulcro
636 1728 677 1790 ab
691 1729 761 1811 ipsa
774 1738 931 1810 repertus,
952 1729 1010 1791 sibi
1023 1728 1109 1805 velit,
1123 1728 1201 1790 dicit
1213 1749 1241 1790 v.
1261 1742 1338 1806 193:

395 1838 468 1903 ἀλλ’
493 1839 615 1912 εἰδότας
638 1843 693 1921 μὲν
718 1841 792 1914 τούς
818 1841 910 1915 θεοὺς
934 1839 1130 1925 καλο11’μει’)οι.Ι

265 1956 308 2019 Et
342 1957 387 2017 sic
424 1956 545 2038 ubique
579 1957 611 2017 in
647 1955 805 2038 Aeschyli
840 1958 1017 2038 tragoediis
1049 1956 1112 2018 deo
1136 1955 1200 2018 hoc
1224 1951 1338 2018 «εἰδέναι

218 2070 381 2133 tribuitur.
431 2071 502 2132 Nec
536 2079 646 2132 tamen
682 2070 719 2129 τὸ
755 2067 872 2131 εἰδέναι
908 2071 1080 2151 Aeschylo
1103 2090 1232 2151 semper
1255 2069 1340 2129 idem

220 2183 391 2264 significat,
428 2204 503 2245 nam
540 2183 635 2245 huius
668 2184 757 2246 vocis
787 2184 979 2266 significatio
1003 2185 1065 2247 alia
1087 2193 1147 2260 est,
1172 2178 1340 2245 ubi'aliud

218 2295 317 2358 habet
340 2296 517 2359 obiectum.
542 2296 641 2377 Quod
664 2297 854 2380 Aeschylus
865 2298 993 2361 disertis
1006 2299 1113 2361 verbis
1126 2297 1171 2359 sic
1184 2296 1341 2377 expressit

221 2408 368 2490 (Fragm.
395 2426 468 2489 390,
492 2430 567 2491 pag.
598 2428 656 2489 113
682 2411 757 2471 edit.
782 2410 928 2494 Nauclr):

352 2525 367 2581 ό
391 2523 512 2604 χρήσιμ’
538 2519 636 2600 εἰδώς,
660 2522 715 2582 οὐκ
738 2524 757 2583 ό
780 2519 872 2585 πόλλ’
897 2521 988 2595 εἰδὼ;
1011 2527 1114 2603 σοφός.
1145 2523 1173 2605 1)

262 2637 317 2698 Ex
352 2656 418 2718 quo
453 2637 662 2718 perspicuum
686 2644 744 2710 est,
768 2637 846 2718 quid
869 2636 1042 2718 Aeschylo
1067 2639 1149 2700 inter
1172 2636 1339 2699 scientiam

219 2757 252 2811 et
285 2751 474 2831 sapientiam
508 2750 664 2812 interesse
694 2751 869 2814 videretur.
894 2751 1000 2813 Multa
1023 2751 1109 2813 enim
1133 2750 1215 2813 scire
1238 2751 1266 2811 ei
1291 2758 1341 2810 est

219 2864 361 2937 scientia,
387 2864 477 2926 utilia
502 2873 611 2927 autem
635 2867 716 2927 scire
740 2866 906 2946 sapientia.
933 2865 975 2927 Et
988 2872 1074 2926 recte
1087 2865 1229 2946 quidem.
1253 2863 1339 2924 Nam

220 2977 328 3057 aliqua
364 2998 414 3038 res
439 2977 525 3039 utilis
549 2987 607 3055 est,
632 2979 658 3040 si
681 2999 740 3061 per
763 3000 835 3040 eam
859 2979 983 3040 bonum
1008 2979 1089 3060 quid
1112 2978 1241 3059 assequi
1266 2996 1340 3058 pos-

219 3111 341 3154 sumus,
364 3089 399 3152 Si
423 3092 496 3172 quis
520 3101 629 3153 autem
655 3102 776 3155 rectam
790 3095 878 3183 novit
890 3093 988 3169 viam,
1003 3113 1068 3174 qua
1079 3092 1166 3154 bona
1180 3091 1339 3173 quaedam

219 3212 420 3286 assequatur,
441 3203 505 3266 hoc
517 3206 624 3286 ipsum
638 3206 815 3287 sapientiae
828 3207 995 3287 proprium
1009 3215 1066 3268 est.
1093 3205 1192 3268 Unde
1203 3204 1341 3266 efficitur

220 3316 348 3378 utilium
368 3337 476 3378 rerum
498 3319 646 3380 notitiam
665 3339 737 3380 esse
750 3319 950 3400 sapientiam.
975 3317 1009 3380 Si
1023 3338 1120 3399 porro
1134 3336 1339 3400 quaeremus,

219 3451 381 3514 quaenam
402 3452 452 3494 res
464 3432 528 3493 sint
542 3431 644 3508 utiles
666 3433 879 3509 inveniemus,
893 3452 960 3494 rem
973 3432 1115 3513 aliquam
1129 3451 1195 3493 non
1208 3430 1340 3512 quidem

219 3565 277 3626 per
300 3566 335 3607 se
360 3545 472 3608 utilem
497 3565 577 3621 esse,
602 3545 660 3607 sed
684 3555 754 3608 tum
779 3546 912 3607 demum
934 3545 1103 3608 utilitatem
1123 3543 1248 3621 afferre,
1262 3543 1289 3605 si
1303 3563 1341 3604 ea

194 3715 196 3719 .
223 3667 309 3720 recte
334 3659 379 3721 uti
404 3660 555 3720 sciamus,
581 3660 725 3721 Primum
751 3659 849 3739 igitur
872 3658 991 3721 multas
1016 3679 1066 3720 res
1079 3657 1159 3719 scire
1172 3656 1340 3731 debemus,

221 3773 338 3836 deinde
362 3775 517 3856 sapientia
540 3773 635 3835 nobis
660 3794 743 3855 opus
766 3782 824 3850 est,
847 3781 881 3836 ut
894 3793 936 3834 ex
945 3771 1341 3851 iisrebussructumquam

223 3887 407 3949 maximum
442 3889 620 3970 capiamus.
656 3888 807 3968 Itemque
829 3886 939 3948 divina
962 3886 1118 3967 sapientia
1141 3904 1181 3946 ne
1204 3882 1341 3964 cogitari

222 4001 354 4080 quidem
376 4011 484 4083 potest
502 4002 571 4063 sine
591 4001 641 4061 dei
663 4000 804 4061 scientia.
830 3999 924 4060 Haec
948 3999 1048 4079 igitur
1071 4018 1155 4081 quae
1180 3998 1230 4074 sit,
1251 3997 1341 4077 prius

221 4112 403 4190 videamus,
429 4124 464 4176 ut
487 4113 605 4176 deinde
628 4112 670 4174 de
694 4114 745 4175 dei
773 4113 930 4195 sapientia
953 4114 1107 4177 dicamus

258 4309 281 4375 1)
298 4312 373 4372 Quod
390 4313 478 4360 Prom.
499 4324 562 4376 1037
580 4311 710 4372 fluonia
729 4313 846 4378 sapientis
862 4314 964 4378 propria
981 4329 1034 4362 esse
1051 4312 1148 4376 dicitur,
1164 4310 1253 4359 eodem
1269 4309 1340 4358 redit.
