3106 4822
734 290 776 356 29

369 457 506 539 δένδρων
532 461 643 539 ὄπωρα
667 457 695 520 δ’
720 461 752 535 ἐκ
777 460 958 534 νοτέζοντο,ὶ
981 467 1084 542 γαμοο

369 557 487 633 τέλέιό,ι
512 563 588 622 ἐστι·
614 563 678 622 τών
704 559 732 622 δ’
757 561 815 639 ἐγὼ
844 565 871 647 1)
897 563 1069 636 παναίτιος
1094 564 1136 646 2).

236 672 290 736 Sic
311 671 428 745 Ἥλιο,Ι
452 685 502 738 est
526 680 632 755 πατήρ
657 674 805 759 (ζέιοέμέι.
830 677 1030 759 981-983),
1055 680 1110 760 qui
1133 679 1220 741 idem
1233 681 1319 763 facit,

192 787 281 868 quod
316 790 367 866 Γῆ
402 793 514 870 μήτηρ,
550 791 672 873 quippe
708 790 763 872 qui
800 811 875 852 cum
911 800 996 854 terra
1026 791 1100 867 alat,
1126 793 1215 874 quod
1239 792 1320 857 haec

192 903 298 983 gignit
321 904 450 983 (Agarra.
475 904 569 982 611):

347 1012 431 1095 πλὴν
456 1024 512 1077 τοῦ
537 1016 706 1098 τρέφοντο,·
728 1015 845 1079 Ἡλίου
868 1019 986 1098 χθονὸς
1008 1022 1113 1098 φύσιν.

236 1127 284 1191 At
318 1130 434 1212 fragm.
471 1146 513 1210 70
548 1130 702 1213 legimus:
741 1133 820 1204 Zat-
855 1133 1085 1211 ἐοτι....Γῆ,
1122 1134 1212 1216 quod
1237 1134 1316 1198 nihil

192 1244 282 1306 aliud
306 1244 488 1326 significare
511 1254 619 1327 potest
643 1246 704 1308 nisi
730 1267 863 1308 omnem
887 1248 964 1322 vim,
989 1269 1073 1330 quae
1097 1256 1202 1311 terrae
1226 1249 1320 1328 inest,

192 1359 233 1421 ab
268 1359 348 1421 Iove
383 1360 411 1421 ei
445 1359 568 1436 incuti;
595 1364 625 1439 3)
658 1357 776 1430 Ἥλιος
811 1370 922 1425 autem
952 1360 1062 1442 Suppl.
1099 1379 1163 1426 202
1198 1363 1318 1426 dicitur

192 1473 276 1551 ὅρνις
313 1472 414 1552 Ζηνὸς
448 1483 481 1536 et
518 1473 640 1553 Agant.
665 1488 841 1555 934—935
878 1477 958 1546 Ζεύς
999 1477 1086 1538 idem
1121 1478 1197 1541 facit
1229 1480 1320 1562 quod

192 1606 291 1667 supra
314 1585 363 1647 sol
387 1593 428 1648 et,
442 1594 541 1649 terra:

370 1699 451 1760 ὅταν
476 1697 507 1762 δέ
531 1705 626 1784 aerim
650 1704 729 1772 Ζεύς
753 1701 812 1763 ἀπ’
835 1704 975 1782 ὄμφακος
1000 1709 1116 1785 πικρᾶς

370 1807 469 1880 οἰνον,

195 1918 281 1980 unde
311 1916 377 1980 iam
413 1918 523 2000 colligi
547 1926 656 2000 potest
679 1928 798 1980 terram
822 1928 853 1982 et
877 1919 980 1982 solem
1005 1921 1138 2002 quidem
1162 1923 1316 1986 animalia

194 2040 226 2093 et
257 2030 374 2094 herbas
406 2031 492 2094 alere
515 2041 614 2113 atque
638 2052 770 2113 augere,
795 2033 853 2094 sed
877 2035 953 2112 vim,
979 2055 1044 2115 qua
1068 2035 1101 2096 id
1124 2034 1253 2114 faciant,
1278 2038 1318 2100 ab

192 2146 271 2208 iove
305 2148 342 2208 iis
377 2147 487 2209 datam
523 2168 604 2209 esse.
651 2146 741 2209 Nihil
776 2155 885 2209 tamen
920 2149 1107 2211 coniectura
1142 2170 1225 2231 opus
1257 2161 1316 2229 est,

192 2282 268 2322 cum
302 2260 402 2337 idem,
438 2261 616 2342 quodiam
641 2262 796 2344 suspicati
821 2283 948 2338 sumus,
971 2262 1164 2345 Aeschylus
1188 2264 1317 2326 disertis

192 2375 297 2438 verbis
331 2375 468 2439 affirmet
501 2396 559 2459 per
593 2375 731 2438 chorum
769 2377 967 2452 Danaidum,
1004 2379 1059 2459 qui
1094 2387 1222 2460 praeter
1255 2377 1318 2440 alia

192 2491 288 2552 etiam
314 2488 378 2552 hoc
402 2499 492 2572 optat
516 2489 641 2573 (Srrppl.
664 2490 876 2572 656—657):

371 2598 550 2682 καρποτελῆ
576 2599 608 2662 δέ
633 2625 681 2662 τοι

370 2705 449 2774 Ζεύς
474 2702 684 2785 ἐπικραινέτω
708 2703 842 2784 φέρματι
866 2709 927 2781 μᾶν
952 2706 1101 2784 πανώρῳ.

238 2819 396 2880 Extrema
430 2818 529 2899 igitur
564 2840 672 2894 causa,
704 2840 770 2901 qua
791 2819 942 2881 animalia
965 2828 997 2880 et
1020 2817 1142 2879 herbae
1166 2828 1316 2881 crescunt

192 2933 262 3014 ipse
285 2933 363 3003 Ζεύς
386 2941 446 3010 est,
473 2953 579 3015 neque
603 2933 693 2996 Gaea
716 2941 772 2996 aut
798 2932 914 2994 Helios
928 2942 983 2996 aut
995 2931 1076 2994 alius
1091 2932 1164 3014 quis
1178 2932 1315 2994 deorum
1401 3000 1403 3005 ,

192 3046 380 3109 dearumve.

237 3158 303 3222 Sed
343 3160 441 3222 etiam
484 3160 581 3223 rebus
617 3163 696 3230 Ζεὺς
732 3162 869 3242 imperat
902 3160 943 3223 ab
979 3180 1086 3242 eoque
1121 3160 1169 3222 vis
1206 3159 1316 3222 divina

192 3273 415 3355 proficiscitur,
440 3295 524 3356 quae
547 3295 602 3336 eas
627 3295 678 3337 res
703 3284 813 3339 movet
828 3283 927 3357 atque
941 3275 1035 3356 regit.
1061 3272 1158 3355 Quae
1170 3274 1316 3355 potentia

192 3409 267 3450 cum
296 3387 339 3450 ab
373 3387 544 3469 Aeschylo
579 3388 806 3471 pulcherrimis
842 3409 880 3452 ac
914 3409 1019 3471 paene
1054 3388 1169 3450 divinis
1207 3388 1314 3449 verbis

193 3521 349 3584 expressa
372 3503 423 3576 sit,
448 3501 525 3564 nolo
549 3503 588 3564 iis
611 3502 919 3565 circumscribendis
943 3501 1116 3584 periclitari
1141 3509 1312 3564 eteorum

192 3619 259 3680 vim
302 3619 581 3700 gravitatemque
605 3620 795 3683 diminuere.
852 3619 952 3701 Quod
996 3617 1219 3694 Prometheus,
1256 3619 1312 3700 qui

192 3732 270 3793 dicit
299 3752 333 3793 se
363 3733 475 3794 Iovem
509 3733 601 3795 flocci
626 3755 691 3796 non
715 3735 819 3797 facere
843 3731 965 3818 (From.
989 3732 1077 3814 937),
1109 3732 1189 3794 haec
1213 3732 1314 3794 verba

193 3845 348 3928 loquitur,
380 3848 412 3908 id
438 3846 556 3909 horum
587 3847 764 3910 verborum
789 3849 854 3910 vim
879 3848 976 3909 etiam
1001 3845 1202 3908 corroborat.
1252 3846 1315 3923 En,

192 3959 294 4022 habes
319 3961 426 4041 ipsum
451 3960 561 4022 locum
585 3961 702 4042 (Ρνοικ.
732 3960 987 4044 1080—1091):

197 4072 500 4172 ἶκφζιᾷιιιηᾯὶι.

226 4197 250 4263 2)
284 4199 384 4262 Fragm.
409 4198 570 4259 Danaidum,
588 4198 656 4261 quod
674 4197 765 4262 legitur
782 4197 848 4261 apud
867 4198 959 4248 Athen.
977 4198 1028 4255 ΙΙΙ,
1047 4214 1071 4262 p.
1090 4198 1140 4248 600
1157 4198 1193 4264 (V.
1212 4198 1312 4258 Nauck,

191 4290 280 4353 fragm.
297 4304 331 4350 44
346 4308 372 4355 p.
392 4288 438 4353 16).

225 4383 250 4448 3)
268 4381 334 4429 Vide
352 4383 383 4429 de
402 4382 449 4429 hoc
467 4380 607 4445 fragmento
626 4397 651 4445 p.
670 4381 778 4444 63-66.
