3106 4822
731 273 768 319 21

194 444 310 508 Oresta
345 454 416 509 orat
453 446 553 525 ,Ζηνὶ
589 446 686 524 πατρὶ
722 443 787 505 τῶν
822 441 1023 525 Ὀλυμπίων,
1059 466 1125 508 non
1160 446 1319 529 Apollini,

194 562 249 643 qui
274 558 409 623 Orestae
433 560 566 622 caedem
591 560 763 641 imperavit
787 559 876 640 (item
904 557 1037 639 Chot'plr.
1060 559 1148 641 848).
1175 561 1320 642 Quando

192 676 291 756 igitur
314 673 440 756 Apollo
464 683 513 736 est
535 670 676 753 μάντιςΡ
699 675 788 736 Tum
812 673 931 750 solum,
956 693 1032 736 cum
1056 683 1147 757 pater
1161 674 1241 745 Ζεύς
1254 674 1319 738 hoc

191 789 271 852 vult.
301 789 329 871 1)
376 789 492 870 Itaque
526 789 595 850 sine
630 796 722 870 patre
746 807 811 850 non
835 796 884 849 est
906 790 1032 865 μάντις,
1055 808 1121 851 non
1146 794 1316 869 προφήτης.

191 904 367 965 Praeterea
397 902 472 965 inde
507 901 645 965 efficitur
681 904 738 978 τὴν
774 903 932 980 μαντικὴν
966 902 1132 984 Apollinis
1157 923 1223 965 non
1246 925 1319 986 pro·

192 1018 298 1098 priam
322 1038 405 1090 esse,
429 1016 520 1098 quod
543 1037 615 1079 cam
641 1025 744 1079 artem
759 1015 847 1078 Gaea
870 1017 975 1098 prima
987 1018 1248 1101 exercuit(Eum.
1274 1019 1317 1101 2),

191 1132 307 1194 deinde
330 1130 465 1193 Themis
489 1131 601 1214 (ibin),
626 1132 718 1193 tertia
742 1130 874 1193 Phoebe
898 1129 940 1213 (v.
967 1130 1012 1214 7),
1036 1131 1179 1214 denique
1194 1133 1316 1214 Apollo

191 1246 234 1328 (v.
261 1247 305 1329 8),
330 1244 486 1327 quodque
511 1245 554 1326 (v.
584 1244 741 1327 17-18):

370 1342 482 1426 τέχνη,Ί
505 1341 538 1404 δέ
562 1364 612 1404 νιν
637 1344 717 1416 Ζεύς
741 1343 856 1404 ἔνθεον
883 1345 993 1417 κτίσας
1016 1343 1116 1426 φρένα

373 1445 428 1518 ὄζει
454 1443 607 1525 τέταρτον
633 1443 725 1506 τόνδε·
749 1450 868 1525 μάντιν
891 1448 923 1510 ἐν
948 1451 1085 1527 θρόνοις.

237 1549 291 1612 Sic
325 1548 412 1611 Ares
448 1557 518 1610 tum
553 1547 661 1610 solum
696 1557 814 1624 exstat,
850 1568 925 1610 cum
949 1557 1040 1631 pater
1062 1547 1142 1620 Zu'u
1165 1549 1315 1613 homines

188 1663 230 1725 ad
255 1662 382 1725 bellum
408 1663 518 1725 incitat
541 1662 675 1745 (Agant.
699 1661 855 1743 61—62),
880 1661 960 1732 Ζεύς
982 1663 1104 1726 excitat
1126 1663 1212 1726 bella
1235 1665 1267 1747 (i.
1286 1685 1316 1727 c.
1407 1740 1410 1746 ¹

192 1777 218 1837 si
252 1777 381 1858 po'e'tice
416 1776 504 1838 idem
539 1775 743 1857 exprimitur,
779 1775 886 1857 gignit
920 1776 1036 1839 iterum
1073 1786 1173 1858 atque
1197 1778 1314 1840 iterum

194 1888 358 1973 Martem),
383 1910 448 1952 non
473 1889 553 1952 deus
574 1887 726 1970 ’Ἀρι);.2)
751 1889 879 1951 Eodem
904 1890 1004 1951 modo
1029 1899 1122 1972 pater
1144 1890 1315 1971 estAlmp,

191 2024 275 2086 quae
309 2012 381 2067 tum
416 2003 523 2066 solum
557 2005 659 2078 adest,
691 2023 768 2064 cum
792 2004 872 2071 Zau
896 2012 1027 2065 exercet
1050 2004 1205 2067 iustitiam
1229 2005 1315 2084 (vide

191 2117 312 2199 supra).
359 2117 467 2179 Immo
503 2137 748 2198 quamcumque
783 2117 850 2178 vim
874 2125 931 2178 aut
953 2125 1150 2198 potestatem
1174 2119 1314 2200 quisque

189 2232 335 2293 deorum
363 2229 471 2307 habet,
507 2232 587 2300 Ζεύς
622 2229 707 2292 hanc
742 2230 781 2292 iis
817 2230 960 2304 incussit,
996 2238 1053 2293 aut
1082 2232 1203 2313 potiuS,
1236 2233 1313 2313 quia

189 2346 274 2408 actio
309 2344 487 2410 incutiendi
511 2352 669 2426 perpetua
692 2351 750 2420 est,
775 2344 891 2406 incutit
914 2351 1013 2425 atque
1037 2353 1153 2408 servat.
1180 2345 1211 2428 3)
1258 2345 1312 2409 Sic

186 2455 303 2529 Ἥλιος
326 2457 460 2540 quidem
485 2457 565 2520 deus
589 2466 638 2520 est
650 2456 695 2538 4),
719 2457 775 2538 qui
800 2455 909 2534 efficit,
935 2466 970 2520 ut
993 2458 1126 2522 arbores
1149 2469 1181 2523 et
1193 2459 1313 2523 herbae

188 2580 344 2649 crescant,
373 2570 403 2652 5)
427 2571 485 2633 sed
508 2571 595 2633 idem
618 2570 769 2632 'tribuitur
792 2571 862 2633 Ioui
887 2570 1020 2653 (Agarra.
1045 2573 1251 2656 934-935):

322 2686 402 2746 ὅταν
427 2682 458 2746 δὲ
483 2685 577 2769 culp]
602 2687 682 2755 Zeth·
705 2683 764 2744 ἀπ’
787 2685 925 2764 ὄμφακος
949 2690 1065 2766 ντικρῑνί,1
1088 2677 1184 2762 οἶνον,

233 2800 319 2863 unde
342 2801 420 2863 satis
444 2770 578 2882 app‘itrat
601 2800 656 2858 τὸν
680 2801 808 2858 ἄνακτα
831 2807 887 2890 aut
910 2801 987 2860 θεὸν
1012 2809 1043 2863 et
1056 2801 1143 2875 ὄρνιν
1164 2800 1264 2880 Ζηνί),1
1276 2800 1311 2884 6)

188 2923 221 2977 et
244 2911 360 2976 κύκλον
382 2910 500 2974 Ἡλίου
525 2914 557 2998 7)
582 2915 692 2976 omnia
715 2913 804 2975 idem
828 2913 1021 2994 significare.

224 3065 246 3129 ι)
264 3064 316 3116 cfr.
333 3062 446 3123 Dronke,
464 3081 488 3129 p.
506 3079 538 3127 9:
555 3065 633 3122 „Wot
651 3065 755 3114 beachte
773 3080 831 3112 man
849 3079 883 3128 es,
900 3063 1013 3128 Apollon
1032 3064 1076 3111 hat
1091 3063 1160 3111 nicht
1171 3062 1212 3111 die
1222 3064 1308 3112 Seher·

184 3157 250 3221 gabe
268 3157 307 3205 ein
326 3156 365 3205 fur
383 3156 484 3205 allemal
501 3172 560 3204 vom
577 3158 653 3206 Vater
670 3157 796 3216 erhalten;
811 3156 882 3219 jeder
891 3154 1004 3204 einzelne
1012 3153 1107 3219 Spruch
1115 3154 1195 3202 seines
1204 3154 1311 3203 Mundes

185 3249 216 3298 ist
233 3249 290 3298 eine
307 3249 483 3298 unmittelbare
502 3247 674 3311 Offenbarung
690 3248 736 3298 des
745 3249 807 3297 Zeus
814 3246 899 3298 selbst.
916 3247 969 3294 Der
977 3246 1031 3310 Zug
1042 3262 1097 3294 zum
1109 3245 1310 3294 Monotheismus

187 3340 230 3388 hin
250 3341 280 3389 ist
297 3341 376 3405 gewis
393 3341 610 3390 unverkennbar.’'

221 3434 245 3498 2)
266 3433 306 3482 Sic
324 3434 464 3498 Aeschylus
481 3448 554 3497 saepe
572 3432 675 3481 nomine
692 3431 760 3496 quod
778 3437 815 3490 est
830 3430 914 3497 ’Ὰρης
930 3429 1096 3493 metonymice
1117 3429 1200 3490 utitur,
1215 3434 1240 3475 ut
1250 3427 1310 3475 belli

185 3526 314 3573 notionem
348 3526 478 3590 exprimat,
513 3524 557 3573 cir.
583 3525 673 3587 Agant.
700 3522 757 3586 361,
784 3523 851 3586 Sept.
878 3533 918 3585 53,
944 3522 1035 3585 Suppl.
1062 3521 1126 3584 6505
1152 3520 1210 3567 virle
1236 3520 1310 3568 etiam

185 3616 320 3666 Wellaueri
337 3616 445 3664 lexicon.

220 3709 244 3772 3)
264 3709 340 3758 Hunc
356 3724 457 3757 sensum
474 3708 568 3756 habent
584 3723 625 3755 vv.
643 3706 716 3769 232l3
733 3722 764 3755 ex
782 3706 884 3756 Prota:

734 3785 821 3841 εὐθὺς
840 3784 965 3843 δαίμοσιν
984 3783 1057 3841 νέμει
1076 3782 1141 3847 γέρα

545 3863 663 3912 ἄλλοισιν
683 3863 754 3911 ἄλλα
773 3866 816 3911 καὶ
835 3863 1027 3927 διεστοιχίζετο
1047 3860 1142 3927 ἀρχήν.

217 3945 243 4011 4)
277 3947 350 3995 Pers.
368 3956 428 4007 232:
455 3943 522 3997 ἄναξ
543 3943 663 4000 Ἥλιος)
693 3943 762 3992 Pers.
783 3953 928 4005 500-501:
959 3940 1065 3995 ἀκτῖνος
1086 3940 1173 3995 osuio
1203 3938 1308 4002 Choe'plz.

184 4024 331 4088 981—983:
349 4022 382 4080 ὡς
399 4023 448 4088 ἴδῃ
466 4025 604 4088 ντιιτῄρ,...,
622 4021 635 4068 ὁ
653 4021 735 4068 πάντ)
755 4020 911 4068 ἐποπτεύων
930 4018 999 4065 τάδε
1014 4017 1124 4074 (Ἥλιος.

220 4105 243 4171 5)
277 4108 368 4170 Agant.
387 4105 450 4154 611:
469 4106 515 4151 τοῦ
534 4104 676 4169 τρέφοντος
691 4101 791 4150 Ἥλιον
809 4102 910 4167 χθονὸς
929 4101 1013 4157 φύσιν.

219 4185 244 4250 6)
263 4185 350 4249 Suppl.
368 4197 430 4233 202:

390 4263 451 4309 AA.
471 4265 514 4310 κιιὶ
533 4262 621 4328 Ζηνὸς
638 4260 711 4328 ὄρνιν
731 4260 810 4309 τόνδε
831 4262 878 4309 νῦν
896 4259 1058 4326 κικλήσκετε.

221 4341 244 4409 7)
278 4345 366 4391 Prom.
384 4357 429 4405 913
448 4342 517 4393 Pers.
536 4353 590 4406 502.
