3106 4822
773 244 816 325 76

233 439 370 503 eandem
393 435 513 501 habere
536 436 602 499 vim
625 434 713 517 apud
737 432 897 511 homineS,
921 444 1076 499 concreto
1100 457 1238 518 corpore
1261 456 1355 518 prae·

232 554 318 616 ditos
354 559 385 615 et
419 569 556 632 corpore
586 549 731 630 privatos
764 557 921 612 mortuos.
969 550 1054 613 Nam
1088 550 1198 633 quoad
1225 551 1355 614 animus

233 669 264 730 in
288 686 425 748 corpore
448 662 580 740 habitat,
605 682 670 724 non
694 671 801 744 potest
824 664 851 725 is
876 685 996 746 corpus
1017 665 1163 747 quodam
1176 665 1276 727 modo
1290 685 1355 726 non

232 802 345 864 regere
389 780 552 860 variisque
597 776 726 839 afficere
771 776 951 842 affectibus.
997 776 1112 861 ltaque
1158 779 1184 841 si
1227 780 1355 841 animus

232 895 371 959 hominis
405 893 470 958 vivi
502 892 642 974 angitur,
678 890 795 953 multas
826 890 918 972 fingit
952 893 1123 974 imagines
1147 913 1228 975 quas
1252 891 1354 954 homo

232 1010 336 1073 oculis
360 1027 491 1072 cernere
515 1006 574 1069 sibi
598 1005 736 1081 videtur,
758 1005 819 1067 hae
831 1014 941 1068 autem
956 1007 1114 1089 imagines
1127 1014 1202 1069 sunt
1215 1006 1355 1087 Erinyes

232 1124 319 1207 (vide
341 1144 374 1205 p.
399 1122 464 1205 71),
498 1121 523 1182 si
547 1128 656 1182 tamen
680 1119 809 1181 animus
833 1119 866 1181 in
891 1119 998 1182 inferis
1022 1141 1041 1183 a
1064 1141 1202 1202 corpore
1227 1142 1354 1204 separa-

231 1249 284 1303 tus
329 1244 388 1312 est,
422 1236 495 1299 illae
529 1234 660 1297 fallaces
696 1233 856 1314 imagines
890 1243 1101 1311 evanuerunt,
1137 1235 1194 1297 sed
1230 1256 1354 1298 reman-

231 1360 343 1415 serunt
366 1351 584 1414 conscientiae
607 1348 776 1424 scelerum,
801 1369 897 1430 quae,
920 1349 999 1411 dum
1024 1350 1153 1412 animus
1173 1351 1354 1433 incorpore

231 1474 309 1543 erat,
355 1485 409 1527 eas
456 1464 613 1548 imagines
654 1471 913 1544 procreaverant.
960 1462 997 1524 In
1033 1462 1096 1525 hoc
1132 1464 1232 1545 igitur
1267 1472 1352 1526 statu

231 1587 435 1642 mortuorum
470 1578 569 1640 animi
605 1577 795 1639 mordentur
829 1577 1024 1639 conscientia
1059 1576 1199 1655 sceleris,
1228 1576 1257 1659 1)
1281 1579 1300 1639 i.
1324 1598 1352 1639 e.

230 1713 311 1758 voce
346 1693 409 1770 dei,
441 1712 526 1776 quae
551 1690 659 1767 efficit,
685 1698 720 1754 ut
743 1692 851 1772 priora
874 1691 1019 1753 facinora
1042 1692 1253 1770 detestentur,
1277 1713 1352 1754 cum

230 1808 362 1871 tandem
386 1806 447 1871 hac
469 1828 552 1870 voce
576 1806 684 1871 divina
709 1804 922 1888 (quamquam
946 1804 1010 1868 heu
1025 1807 1128 1888 sero!)
1142 1816 1227 1870 recte
1240 1827 1353 1888 sapere

231 1923 401 1986 didicerint
446 1931 478 1985 et
523 1922 660 1984 sentiant
705 1940 740 1982 se
787 1920 818 1982 in
853 1919 891 1982 iis
927 1940 1082 2001 peccasse
1117 1921 1235 2004 deique
1271 1923 1351 1983 iram

230 2039 396 2102 excitasse.
444 2036 541 2099 Hanc
575 2036 706 2098 tacitam
742 2034 793 2096 dei
824 2053 939 2097 vocem
971 2043 1004 2097 et
1026 2034 1101 2098 inde
1125 2043 1229 2098 ortam
1253 2037 1351 2098 animi

229 2152 463 2234 poenitentiam
510 2158 542 2213 et
587 2151 636 2212 sui
683 2149 932 2211 detestationem
974 2149 1016 2212 ab
1058 2149 1230 2232 Aeschylo
1271 2149 1352 2232 ἀρὰν

229 2265 384 2347 appellari
419 2261 622 2326 crediderim.
672 2262 828 2343 Quocum
863 2264 1024 2344 congruit,
1061 2263 1150 2345 quod
1175 2285 1242 2326 vox
1267 2286 1352 2347 quae

231 2387 281 2442 est
313 2375 442 2460 Ἐρινύς
477 2377 583 2459 magis
618 2376 660 2437 ad
696 2384 882 2439 concretam
915 2378 1092 2458 imaginem
1115 2379 1264 2459 pertinet,
1289 2376 1351 2460 ἀρὰ

194 2578 197 2583 ¹
231 2502 340 2557 autem
364 2494 473 2576 potius
497 2513 594 2555 sensu
620 2491 783 2560 abstracto
807 2501 857 2554 est
879 2493 1076 2574 accipienda.
1115 2493 1216 2576 Quod
1240 2504 1350 2558 tamen

229 2606 437 2689 Aeschylum
473 2628 538 2670 non
571 2605 752 2689 prohibuit,
784 2607 863 2689 quin
896 2607 1046 2689 Erinyes,
1070 2628 1145 2671 cum
1170 2608 1269 2672 semel
1293 2610 1350 2672 illo

153 2713 156 2717 ’
228 2721 330 2785 altero
372 2719 449 2803 ἀρᾶς
491 2721 623 2783 nomine
662 2720 931 2801 significarentur,
971 2722 1250 2803 promiscue
1285 2744 1351 2786 uno

227 2834 372 2898 alterove
396 2834 526 2896 nomine
550 2834 717 2896 indicaret.

272 3046 343 3108 Iam
366 3055 525 3127 superest,
549 3055 584 3109 ut
606 3067 711 3128 pauca
735 3045 840 3108 dicam
864 3047 905 3109 (le
929 3048 1129 3130 quaestione,
1154 3049 1233 3131 quid
1253 3058 1351 3132 poeta

228 3162 259 3222 in
283 3134 689 3242 Eumenidz'bus'praestare
712 3158 864 3238 voluerit,
889 3161 1051 3244 quiahoc
1075 3183 1151 3224 cum
1177 3163 1349 3226 Furiarum

227 3273 461 3356 significatione
494 3283 562 3337 arte
598 3274 761 3338 cohaeret.
811 3275 905 3357 Rapp
940 3276 973 3339 in
1008 3276 1160 3340 Roscheri
1190 3276 1287 3340 lexico
1319 3285 1349 3358 2)

228 3389 305 3452 dicit
338 3389 380 3452 de
413 3388 474 3452 hac
511 3411 560 3452 re:
598 3389 890 3472 „Segenbringend
925 3392 998 3454 sind
1021 3392 1068 3454 sie
1091 3389 1247 3475 (Ἐρινύες
1270 3392 1350 3475 scil.)

227 3503 324 3580 dann,
359 3525 453 3567 wenn
488 3506 533 3567 sie
567 3503 723 3566 versdhnt
757 3505 840 3582 sind,
878 3506 944 3567 und
969 3506 1022 3568 die
1044 3505 1268 3589 Versdhnung
1292 3507 1350 3570 der

226 3626 317 3682 sonst
350 3639 387 3680 so
423 3616 673 3681 unerbittlichen
709 3616 898 3694 Gdttinnen,
929 3619 982 3682 die
1013 3619 1261 3703 Verwandlung
1290 3643 1349 3684 aus

227 3733 373 3814 Erinyen
418 3733 450 3794 in
496 3732 702 3794 Eumeniden
748 3754 787 3794 zu
835 3732 993 3810 erklaren,
1032 3735 1074 3797 ist
1108 3735 1161 3798 die
1195 3735 1349 3798 Tendenz

226 3846 284 3907 des
326 3846 462 3929 Mythos
502 3866 567 3909 von
608 3846 683 3908 dem
726 3843 858 3908 Gericht
899 3846 979 3908 iiber
1021 3845 1153 3910 Orestes
1189 3849 1255 3912 und
1291 3850 1350 3912 der

228 3958 447 4040 Hauptinhalt
477 3981 541 4023 von
570 3959 757 4041 Aeschylos
793 3959 1035 4023 Eumeniden.''
1081 3961 1190 4024 Velim
1221 3983 1347 4044 rogare,

261 4155 284 4220 ι)
309 4156 389 4208 Eum.
417 4168 477 4220 174:
507 4158 558 4208 ὑπό
585 4176 615 4206 τε
641 4161 694 4222 γᾶν
719 4161 808 4225 φυγὼν
833 4159 925 4211 oitror'
949 4159 1154 4228 ἐλευθεροῦται.
1189 4161 1240 4210 Csr.
1257 4163 1348 4225 Agom.

224 4258 367 4311 445—447,
384 4248 463 4297 Eum.
482 4263 539 4312 2²3-

259 4336 283 4403 2)
300 4355 325 4403 p.
347 4350 410 4402 13²7
429 4338 454 4386 in
472 4340 529 4391 fine.
