3106 4822
759 281 900 358 27⁸

215 489 313 531 versu
338 485 437 547 supra
460 463 593 529 laudato
616 455 654 548 (ὦ
677 468 751 541 Ζεῦ,
774 463 937 541 γυναικῶν
962 457 1026 525 οἷον
1042 463 1172 537 τῖιπασας
1186 464 1296 551 pium),
1315 468 1344 550 Ι)

210 585 267 646 aut
290 603 333 644 ex
362 580 453 643 vario
479 601 538 642 usu
563 580 659 643 huius
683 580 783 662 patris
806 579 897 642 vocis
921 578 1146 661 proficiscitur.

261 694 377 758 Graeci
413 694 500 756 enim
537 695 569 756 in
601 695 689 756 Iovis
721 701 881 776 potestate
904 695 1050 776 positum
1074 715 1145 758 esse
1169 696 1345 759 credebant

217 808 406 873 hominibus
441 816 473 870 et
506 807 590 871 bene
624 816 656 870 et
688 807 773 870 male
796 807 910 884 facere,
935 828 1011 871 eum
1034 829 1133 891 porro
1156 810 1249 873 bonis
1269 831 1343 893 pro·

217 924 335 1007 pitium
366 940 451 1000 esse,
488 921 593 984 malos
627 929 736 984 autem
767 941 811 982 ex
835 922 940 985 stultis
963 922 1140 1003 prudentes
1163 923 1268 987 sacere
1292 946 1343 1003 e0,

216 1038 307 1120 quod
345 1036 476 1118 culpam
512 1044 702 1118 sequeretur
732 1056 839 1117 poena
861 1043 894 1098 et
917 1035 1150 1100 detrimentum
1174 1037 1343 1100 stultitiam

217 1152 349 1230 (figam.
380 1150 582 1227 161—168l:

415 1268 505 1343 Ζῆνα
531 1261 563 1326 δι’
589 1286 637 1335 τις
661 1268 845 1346 προφρόνως
871 1263 1014 1325 ἐπινίκια
1040 1262 1165 1338 κλάζων

415 1375 560 1451 τεύξεται
585 1379 708 1459 φρενῶν
734 1379 769 1438 τὸ
794 1381 872 1438 πᾶν·
1014 1354 1016 1357 v

389 1492 472 1551 ’τὸν
496 1498 623 1573 φρονεῖν
648 1493 781 1576 βροτούς
804 1490 885 1554 ὁδώ-

417 1624 532 1682 σαντα,
557 1606 612 1666 τὸν
638 1610 739 1667 πάθει
764 1610 869 1685 μοίθο,1

417 1717 523 1780 θέντα
546 1721 660 1802 κορίω,ἱ
684 1720 777 1802 ἔχων.

419 1833 526 1916 στάζει
551 1831 568 1896 ὅ
593 1833 628 1895 ἔν
653 1839 688 1895 o’
713 1832 806 1915 ὕπνῳ
831 1835 892 1914 πρὸ
917 1831 1049 1914 καρδίας

418 1955 629 2029 μνησιπήμων
655 1952 761 2020 πόνος·
786 1950 838 2008 καὶ
862 1952 940 2029 παρ’
963 1952 1003 2008 ἄ-

422 2085 537 2135 κοντας
561 2057 641 2141 ἦλθε
666 2068 847 2143 σωφρονεῖν,

224 2176 383 2258 putabant
407 2178 547 2264 denique
571 2200 664 2241 suam
687 2178 826 2240 salutem
845 2186 949 2239 totam
969 2179 1001 2240 in
1015 2178 1095 2240 Iove
1108 2179 1249 2260 positam
1262 2198 1344 2242 esse.

217 2292 335 2373 ‘Quam
359 2294 402 2357 ob
426 2316 496 2357 rem
519 2316 595 2357 eum
619 2277 745 2377 patrem
768 2295 986 2377 appellabant,
1011 2296 1101 2378 quasi
1125 2295 1188 2357 hoc
1213 2295 1345 2357 nomine

220 2427 297 2469 eum
333 2408 394 2470 sibi
430 2409 602 2472 conciliare
625 2410 755 2487 vellent,
792 2419 894 2492 utque
928 2413 1017 2484 Ζευς,
1043 2409 1213 2473 submissis
1243 2408 1345 2470 homi·

220 2541 299 2583 num
323 2523 440 2585 animis
466 2533 663 2601 commotuS,
697 2544 765 2600 eos
800 2534 959 2606 tanquam
984 2533 1076 2607 pater
1099 2523 1229 2600 liberos,
1264 2532 1346 2586 trae·

221 2643 313 2698 taret.
355 2636 432 2698 Hoc
466 2658 562 2700 sensu
598 2646 689 2719 pater
727 2637 805 2699 nihil
839 2639 930 2701 aliud
965 2638 1125 2720 significat
1159 2639 1219 2699 nisi
1255 2636 1345 2710 illud,

220 2749 311 2831 quod
345 2758 438 2831 pater
472 2750 580 2813 liberis
604 2751 703 2813 debet
728 2771 817 2813 esse:
855 2753 1012 2815 educator
1036 2751 1105 2814 scil.
1130 2760 1162 2814 et
1185 2759 1291 2812 rector
1314 2758 1346 2811 et

123 2941 125 2945 Ι
218 2863 357 2939 adiutor,
393 2865 419 2926 is
455 2864 606 2947 denique,
639 2866 694 2947 qui
728 2867 863 2928 omnino
888 2866 1068 2928 liberorum
1103 2865 1198 2927 saluti
1222 2866 1345 2946 prospi-

219 2977 291 3040 ciat.
338 2976 420 3039 Inde
456 2979 564 3040 omnia
599 2977 653 3040 illa
688 2980 831 3055 nomina,
868 3000 952 3061 quae
987 2979 1071 3042 hanc
1096 2980 1183 3043 Iovis
1207 2979 1345 3060 patriam

220 3112 333 3154 curam
366 3100 537 3171 testantur,
571 3101 606 3155 ut
630 3089 835 3173 ὀιλιξητήριο,1
859 3093 901 3176 2),
927 3092 1069 3174 ἀφίκτωρ
1095 3095 1138 3176 3),
1165 3090 1277 3163 ἱκέσιο,·
1300 3090 1344 3176 4),

221 3208 347 3282 κτήσιο,1
372 3206 413 3287 5),
438 3212 541 3286 σωτήρ
565 3206 609 3288 6),
633 3207 704 3269 alia.
729 3207 849 3269 Nonne
872 3208 963 3270 vides
988 3209 1052 3270 iam
1077 3208 1118 3270 de
1130 3208 1262 3289 reliquis
1275 3227 1344 3268 om·
1402 3226 1485 3305 ruffi
1501 3182 1540 3277 f<

221 3316 318 3378 nibus
341 3318 403 3379 diis
427 3328 538 3382 actum
564 3341 646 3396 esse,
669 3322 790 3402 quippe
802 3321 924 3401 quibus
939 3322 1028 3410 nulla
1042 3330 1141 3384 restet
1153 3329 1298 3402 potestas
1312 3321 1344 3380 in
1357 3312 1374 3391 ll
1394 3388 1398 3393 ‚
1414 3340 1467 3435 1²⁴
1483 3308 1540 3380 ἰι-ι

219 3429 367 3493 homines
381 3437 394 3494 Ρ
418 3431 483 3494 Sed
497 3435 560 3496 iam
574 3435 781 3516 pervenimus
793 3436 835 3496 ad
847 3437 977 3499 tertiam
991 3435 1192 3518 quaestionis
1205 3442 1342 3516 partem.

264 3545 320 3607 ΙΙΙ.
366 3549 478 3617 Ζεύς
516 3558 559 3612 et
594 3567 748 3611 rerum
783 3558 963 3613 natura.

224 3671 419 3678 ———

257 3729 280 3791 1)
314 3731 410 3780 Fabula
436 3733 536 3798 Epaphi
562 3735 651 3783 eodem
677 3733 801 3797 pertinere
819 3734 924 3785 videtur.
960 3735 1080 3800 Epaphus
1098 3734 1165 3782 enim
1183 3739 1220 3780 est
1237 3747 1346 3796 proavus

219 3823 260 3870 vel
281 3823 396 3872 conditor
414 3825 478 3890 nigri
496 3826 627 3874 hominum
647 3824 752 3890 generiS,
770 3826 838 3888 quod
856 3828 930 3891 igitur
947 3843 992 3892 per
1009 3843 1065 3876 eum
1084 3843 1140 3875 cum
1158 3826 1254 3874 Graeca
1271 3825 1346 3889 stirpe

222 3915 384 3964 coniunctum
401 3924 446 3969 est.

253 4005 278 4071 2)
313 4007 382 4070 Sept,
400 4005 424 4056 8.

224 4176 226 4181 ’
315 4191 403 4255 Suppl.
422 4190 479 4253 366.

313 4281 404 4345 Suppl.
421 4281 480 4342 428.
