3106 4822
744 318 803 381 ¹47

213 491 264 552 lus
297 489 399 552 homo
433 498 561 570 praeter
595 509 663 563 eos,
698 489 754 570 qui
789 487 907 551 Sacros
939 488 1057 549 Libros
1088 497 1209 552 norunt
1232 491 1336 573 iisque

212 604 344 685 plenam
380 602 477 666 fidem
512 601 643 676 habent,
678 601 763 664 hanc
799 601 889 663 litem
927 601 1077 663 dirimere
1106 611 1225 683 potest,
1257 605 1336 686 quin

212 727 269 781 aut
304 718 415 781 divino
451 717 589 798 imperio
625 724 680 778 aut
714 715 842 778 divinae
878 713 1018 777 iustitiae
1053 714 1219 782 obtrectet.
1266 719 1337 780 Nec

212 841 321 895 tamen
365 831 448 894 hanc
482 830 526 893 ob
569 851 637 892 rem
672 828 832 912 Aeschyli
875 830 1026 894 divinum.
1055 831 1224 911 ingenium
1259 833 1336 894 satis

213 947 320 1008 mirari
353 965 542 1027 possumus,
579 945 634 1025 qui
671 951 842 1024 peccatum
872 963 1002 1024 semper
1032 943 1157 1006 homini
1188 947 1336 1027 imputet,

212 1059 275 1121 deo
299 1079 429 1139 semper
452 1057 592 1120 ascribat
615 1058 660 1118 de·
678 1040 749 1120 toto
771 1056 896 1118 mundo
909 1065 1045 1138 totoque
1058 1077 1178 1138 genere
1191 1058 1335 1122 humano

213 1172 385 1253 imperium
420 1179 452 1233 et
487 1172 518 1233 id
555 1169 688 1253 quidem
727 1169 819 1231 salva
853 1169 963 1232 divina
997 1172 1166 1233 sanctitate
1201 1172 1336 1234 veritate

213 1285 342 1347 iustitia.
375 1285 489 1348 Unum
512 1293 621 1347 tamen
646 1285 757 1367 negari
783 1305 849 1346 non
872 1292 999 1365 potest:
1023 1285 1055 1345 in
1079 1283 1131 1346 dei
1155 1284 1335 1367 Aeschylei

212 1399 383 1461 sanctitate
406 1399 433 1460 si
459 1398 565 1461 minus
588 1397 705 1462 vitium
729 1397 773 1459 rei
796 1397 948 1470 occurrit,
964 1398 1079 1459 vitium
1093 1399 1234 1460 nominis
1248 1407 1335 1461 certe

212 1512 304 1573 inest.
352 1511 438 1574 Nam
463 1520 495 1575 et
517 1515 637 1591 φθόνος
660 1520 692 1574 et
715 1510 828 1587 ἀπάτη
851 1519 883 1572 et
910 1514 1018 1588 prtum
1041 1519 1074 1573 et
1093 1510 1231 1574 verbum
1244 1512 1334 1594 quod

211 1633 260 1688 est
297 1621 477 1704 ψεύδεσθαι
513 1646 642 1708 semper
676 1626 708 1687 in
740 1625 861 1687 malam
884 1632 1009 1706 partem
1035 1623 1179 1706 intellegi
1195 1624 1334 1702 ·debent,

212 1738 427 1820 quamobrem
462 1740 623 1802 eiusmodi
659 1739 838 1814 vocabulis,
875 1739 929 1801 ubi
954 1759 1063 1801 sermo
1088 1748 1136 1802 est
1159 1739 1200 1801 de
1225 1739 1335 1802 divina

211 1853 323 1914 mundi
347 1853 594 1934 gubernatione,
620 1854 666 1914 uti
692 1853 825 1914 minime
837 1853 923 1915 licet.
949 1852 1162 1934 Quamquam
1176 1855 1334 1915 memoria

210 1975 259 2029 est
292 1967 471 2029 tenendum
505 1967 712 2049 Aeschylum
748 1987 813 2029 non
836 1968 979 2049 primum
1004 1961 1084 2028 haec
1107 1966 1268 2028 vocabula
1291 1964 1332 2026 de

211 2078 273 2139 deo
307 2077 507 2157 adhibuisse,
542 2080 599 2142 sed
634 2081 818 2142 inveteratis
850 2081 1037 2142 nominibus
1068 2081 1204 2160 receptis
1228 2079 1328 2141 alium

210 2193 375 2272 puriorem
399 2214 532 2256 sensum
556 2195 779 2258 vindicavisse.
