3106 4822
738 230 799 310 136

210 418 378 481 Buchholz
402 427 512 481 autem
538 417 641 482 multo
666 419 815 480 disertius
840 427 938 499 negat
973 417 1132 499 Aeschyli
1162 419 1202 482 de
1226 418 1343 481 divina

212 533 335 594 invidia
380 533 568 615 opinionem
614 532 655 594 ab
701 531 828 613 vulgari
869 532 1064 613 discrepare,
1111 533 1233 614 quippe
1280 535 1342 615 qui

214 648 301 710 dicat
330 644 551 726 Aeschylum,
582 645 644 707 hac
668 666 801 727 quoque
825 667 868 707 ex
891 654 982 726 parte
1005 646 1112 708 virum
1135 667 1212 709 vere
1236 645 1342 709 Grae-

209 782 297 837 cum,
323 760 366 822 illi
392 760 539 836 invidiae,
566 759 690 839 vulgari
705 780 802 821 sensu
817 768 981 840 acceptae,
994 760 1161 823 addictum
1175 761 1287 822 fuisse.
1309 759 1340 844 1)

212 873 277 936 Sed
301 875 365 936 iam
389 874 449 954 ipsi
474 873 647 935 videamus
672 872 752 935 haec
776 893 826 934 res
840 868 1009 954 quomodo
1022 895 1058 936 se
1070 873 1198 937 habeat.
1224 873 1341 935 Locus

212 991 321 1070 igitur,
346 990 401 1070 qui
427 1008 511 1049 unus
535 988 682 1048 omnium
706 988 748 1049 de
772 988 880 1049 divina
893 988 1013 1050 invidia
1025 989 1111 1068 apud
1126 985 1339 1070 Aeschylum

213 1102 361 1164 locorum
397 1101 593 1163 clarissimus
629 1108 687 1176 est,
724 1101 885 1163 invenitur
920 1101 1040 1178 figam.
1064 1115 1252 1180 722—732.
1288 1099 1339 1161 lbi

213 1217 349 1298 legitur:

393 1324 598 1405 παλαίφατος
622 1324 650 1388 δ’
673 1329 705 1388 ἐν
729 1329 851 1410 βροτοῖς
874 1325 971 1407 γέρων
995 1324 1085 1404 λόγος

394 1439 555 1518 τέτυκται,
579 1439 677 1520 μέγαν
702 1437 897 1501 τελεσθέντα
921 1442 1024 1519 φωτός
1047 1437 1141 1522 όλβον
1193 1422 1196 1428 Δ

393 1560 584 1618 τεκνοὶισθαι
609 1552 681 1635 μηδ’
703 1552 830 1615 ἄπαιδα
854 1559 1018 1634 θνῄσκειν,

394 1670 426 1730 ἐκ
451 1666 479 1730 δ’
503 1667 633 1746 ἀγαθὰς
656 1673 756 1750 τιν’χας
778 1665 858 1745 γένει

393 1780 588 1869 βλαστάνειν
613 1782 782 1863 ἀκόρεστον
806 1781 902 1856 οῖζιιν.

395 1896 469 1981 δίχα
493 1897 522 1959 θ’
544 1896 650 1962 ἄλλων
673 1902 836 1980 μονόφρων
861 1901 906 1958 εῖ-

395 2012 439 2092 μῖ.
465 2013 499 2072 τό
523 2009 667 2096 δυσσεβὲς
690 2013 749 2092 γὰρ
774 2010 862 2092 ἔργον

393 2130 474 2207 μετὰ
497 2128 553 2206 μὲν
578 2125 712 2188 πλείονα
737 2126 847 2203 τίκτει,

394 2240 526 2322 σφετέρα
551 2239 578 2301 δ’
603 2243 710 2302 εἰκότα
732 2225 839 2320 ἔχε’ννᾳ.

334 2372 335 2375 ’
393 2352 487 2415 οἴκων
511 2356 570 2434 γὰρ
595 2352 774 2417 εόθοθίκων

394 2464 568 2537 καλλίπαις
592 2470 712 2546 πότμος
736 2465 795 2526 oid.

262 2581 338 2643 Hoc
361 2581 436 2643 loco
460 2580 579 2642 chorus
602 2581 819 2642 disertissimis
843 2581 950 2641 verbis
963 2580 1068 2654 docet,
1082 2599 1283 2661 quamquam
1298 2581 1340 2642 sit

215 2705 308 2758 vetus
331 2696 442 2777 opinio
465 2716 506 2757 ex
533 2715 650 2776 magna
675 2694 824 2756 felicitate
836 2693 1049 2755 insatiabilem
1063 2694 1225 2755 miseriam
1239 2695 1340 2769 nasci,

216 2831 250 2871 se
273 2809 381 2870 solum
403 2809 432 2892 2)
457 2809 556 2890 longe
579 2808 671 2871 aliter
694 2809 822 2872 sentire.
848 2808 901 2870 Ex
924 2808 1089 2890 impietate
1113 2809 1199 2869 enim
1223 2815 1340 2889 postea

217 3021 261 3069 ‹lcr
277 3022 414 3085 glittlichen
431 3022 616 3085 Stralgerichte‚
634 3022 678 3070 das
696 3022 799 3084 Unheil,
817 3021 926 3070 welches
943 3021 1000 3069 dem
1019 3021 1155 3070 Uebermut
1169 3019 1341 3069 ausdenFuss

217 3112 286 3177 lolgt,
304 3113 354 3160 den
372 3113 478 3161 nimmer
495 3113 677 3162 erlttschendeu
695 3113 775 3160 Fluch
793 3113 837 3160 des
855 3113 1043 3169 Verbreehens3
1061 3112 1126 3160 auch
1145 3112 1171 3159 in
1181 3113 1239 3160 dem
1250 3127 1340 3159 unver-

216 3204 311 3252 hollteu
338 3207 458 3270 Ausgang
484 3206 528 3253 des
553 3205 702 3254 Persischen
730 3204 859 3268 Heerzugs
886 3205 990 3252 erkeunt
1015 3219 1041 3252 er
1067 3204 1108 3251 die
1134 3203 1227 3251 hdhere
1252 3203 1340 3263 Hand,

218 3296 314 3345 welche
340 3297 382 3344 die
408 3296 656 3360 Selbstttberhebung
683 3297 726 3344 des
754 3296 922 3359 Grosshdnigs
940 3297 989 3343 und
1008 3296 1075 3344 seine
1095 3295 1183 3343 Frevel
1199 3310 1279 3359 gegen
1298 3294 1340 3342 die

220 3388 401 3436 Ilellenischen
428 3388 514 3437 Gdtter
538 3387 641 3436 bestralt
658 3387 726 3435 hat’'
752 3387 832 3435 Ziller
850 3388 925 3450 igitur
943 3388 1050 3435 eundem
1067 3387 1137 3434 affert
1153 3387 1245 3448 locum,
1263 3401 1340 3448 quem

218 3479 340 3538 Schmidt,
365 3480 408 3529 sed
434 3480 476 3527 hic
502 3487 571 3542 putat
596 3495 653 3527 eum
679 3496 729 3526 non
759 3487 849 3543 poetae
875 3487 984 3526 mentem
1012 3478 1152 3542 exprimere
1178 3479 1340 3542 (quamquam

218 3571 341 3620 immerito
368 3572 403 3620 sic
427 3569 529 3636 putat!l‚
556 3577 658 3634 uterque
682 3578 763 3619 autem
781 3571 841 3618 inde
859 3570 927 3618 illam
945 3569 1074 3633 vulgarem
1091 3569 1212 3617 invidiam
1230 3568 1340 3617 destillat

219 3666 279 3724 (non
297 3664 378 3711 minus
395 3662 538 3727 immerito).

255 3753 277 3818 ι)
296 3754 326 3802 E.
344 3754 480 3810 Buchholz,
499 3754 547 3802 Die
564 3754 673 3803 sittliche
691 3752 921 3816 Weltunschauung
939 3750 983 3800 des
1004 3752 1122 3800 Pindarus
1132 3751 1183 3799 und
1193 3750 1340 3815 Aeschylus,

217 3862 242 3909 p.
263 3845 323 3893 188:
350 3845 415 3903 „uin
433 3845 532 3892 zweiter
550 3845 640 3902 Punht,
664 3844 839 3892 in‘welchem
864 3843 907 3890 die
933 3843 1104 3906 dschyleische
1131 3841 1269 3906 Dogmatik
1296 3841 1341 3889 mit

217 3936 261 3984 der
287 3935 448 3983 christlichen
474 3935 500 3982 in
518 3935 617 3984 offenen
635 3935 814 3998 Widerspiuch
832 3934 892 3995 tritt,
911 3933 941 3982 ist
959 3934 1000 3982 die
1018 3934 1100 3982 Lehre
1118 3950 1177 3981 voni
1195 3933 1278 3981 Neide
1295 3933 1341 3981 der

218 4028 305 4073 Gdtler
332 4026 443 4092 (φθόνος
473 4025 561 4090 θεῶν),
585 4027 628 4075 der
646 4027 786 4089 Aeschylus
803 4025 839 4074 als
857 4027 944 4074 tichler
963 4025 1071 4074 Ilellene
1089 4023 1215 4088 huldigt''.

253 4118 277 4179 2)
297 4117 355 4178 Quo
381 4119 432 4166 iure
459 4119 550 4166 chorus
567 4117 616 4183 (vel
634 4118 784 4183 Aeschylus)
803 4134 872 4177 voce,
891 4134 954 4182 quae
973 4124 1009 4166 est
1026 4118 1172 4180 μονόφρων,
1191 4123 1280 4176 utatur,
1297 4117 1341 4166 hic

220 4209 303 4256 minus
329 4209 411 4269 refert,
437 4226 488 4257 non
514 4211 580 4258 enirn
609 4212 742 4274 quaeritur,
773 4227 832 4258 nuni
859 4210 998 4273 Aeschylus
1024 4209 1089 4256 solus
1114 4209 1223 4272 aliquam
1250 4193 1341 4256 hahent

186 4315 189 4321 ’
220 4301 372 4364 opinionem,
391 4301 434 4348 secl
453 4301 477 4347 iu
495 4301 585 4364 potius,
602 4319 679 4364 quarn
697 4302 843 4365 opinionem
862 4302 961 4348 hahent.
983 4301 1041 4347 Hoc
1052 4301 1340 4366 ιιιονόοιριινεοιοεοοοο
