3106 4822
737 316 796 380 137

210 488 272 551 alia
296 488 394 568 impie
418 487 503 550 facta
525 487 688 569 prioribus
712 487 831 550 similia
844 488 930 565 oriri,
943 487 1079 550 domum
1092 494 1201 548 tamen
1214 486 1333 549 iustam

210 604 302 685 sequi
326 602 584 683 prosperitatem.
614 599 643 682 1)
668 602 721 663 Ex
745 602 892 664 omnium
912 601 979 662 fere
992 601 1166 663 doctorum
1180 601 1333 682 opinione
1355 686 1357 690 ι

209 724 307 799 atque
320 737 363 778 ex
387 717 435 792 iis,
460 735 544 797 quae
569 716 609 777 de
632 717 758 778 ratione
781 716 883 797 ipsius
907 721 1024 797 po'e'tae
1043 714 1231 796 opinionem
1245 715 1332 776 inve·

210 830 351 911 stigandi
386 831 652 911 praemonuimus
684 830 846 912 (Prooem.
883 851 915 911 p.
946 829 1057 911 6-7),
1088 830 1166 890 satis
1196 827 1333 891 fiduciae

210 944 436 1018 nanciscimur,
461 952 497 1006 ut
520 943 570 1006 his
594 944 700 1006 verbis
713 965 823 1007 veram
837 953 935 1027 atque
948 945 1159 1006 inveteratam
1174 943 1331 1024 Aeschyli

211 1060 398 1140 opinionem
422 1059 580 1120 contineri
604 1059 851 1133 contendamus
875 1060 919 1121 ita
944 1066 978 1119 ut
991 1058 1022 1119 id
1034 1065 1160 1120 tantum
1174 1077 1330 1140 quaeren-

212 1173 290 1234 dum
317 1173 368 1250 sit,
393 1193 459 1254 quo
483 1171 590 1235 Zeller
612 1173 654 1235 sit
677 1181 709 1234 et
733 1171 902 1236 Buchholz
926 1170 1108 1254 prohibitus
1120 1171 1180 1233 sibi
1191 1171 1331 1232 eandem

211 1306 341 1349 sumere
363 1285 526 1347 fiduciam.

255 1400 293 1462 In
328 1399 431 1463 tribus
466 1399 567 1480 igitur
600 1399 760 1480 Aeschyli
795 1399 972 1480 tragoediis
1009 1419 1118 1461 sermo
1142 1407 1190 1461 est
1214 1398 1255 1459 de
1280 1398 1332 1459 dei

211 1515 340 1592 invidia,
376 1515 646 1594 Aganremnonem
681 1516 754 1577 dico
789 1524 821 1578 et
853 1516 967 1577 Persas
990 1523 1022 1577 et
1047 1513 1273 1576 Promethemn.
1298 1515 1334 1575 ln

212 1631 455 1710 Agamemnone
487 1641 614 1714 praeter
648 1633 758 1695 locum
794 1633 857 1694 iam
880 1640 1055 1694 tractatum
1077 1630 1118 1691 de
1142 1629 1193 1692 dei
1217 1629 1335 1692 invidia

212 1764 325 1806 sermo
349 1755 398 1809 est
420 1769 450 1810 v.
474 1760 667 1826 442—45o:

788 1831 896 1895 κιλαι-

393 1925 447 1984 ναὶ
470 1921 499 1984 δ’
521 1927 660 2004 Ἐρινύες
683 1925 783 2004 χρόνῳ

391 2027 524 2107 τυχηρὸν
549 2025 615 2088 ὄντ’
638 2027 715 2087 olata
740 2022 831 2096 δίκας
854 2021 1046 2104 παλιντυχιῖ

393 2129 487 2211 τριβᾷ
511 2125 583 2210 βίον
607 2130 722 2186 valleio’
745 2128 898 2208 ἀμαυρόν,
922 2127 954 2186 ἐν
980 2123 1008 2186 δ’
1031 2123 1084 2185 (il-

391 2248 477 2299 στοις
500 2225 689 2298 τελέθοντος
714 2231 799 2300 οὔτις
822 2225 882 2289 cil-

395 2334 445 2390 κὰ·
470 2333 506 2391 τὸ
530 2327 558 2390 δ’
581 2333 762 2409 ὑπερκότως
786 2327 892 2393 ataui

393 2423 427 2492 eri
450 2432 541 2514 stupri·
566 2429 720 2514 βάλλεται
742 2433 802 2513 γὰρ
826 2435 880 2492 ὄσ-

393 2553 456 2604 σοις
480 2535 600 2597 Διόθεν
624 2537 780 2615 κεραυνός

391 2633 485 2716 κρίνω
509 2633 538 2695 δ’
560 2637 704 2715 ἄφθονον
729 2633 832 2721 ὄλβον.

211 2808 246 2856 ita
273 2808 414 2871 urgendum
440 2823 493 2856 esse
518 2793 618 2871 censeo,
643 2816 669 2858 ut
694 2810 835 2873 Aeschylus
857 2816 954 2874 praeter
972 2825 998 2857 se
1016 2809 1143 2857 neminem
1162 2807 1228 2856 idem
1246 2807 1336 2855 sentire

211 2905 317 2964 putaret,
343 2916 404 2948 nam
429 2900 450 2948 si
475 2900 526 2948 duo
552 2906 594 2948 aut
610 2907 660 2949 tres
677 2901 743 2964 apud
764 2901 872 2948 Graecos
889 2916 919 2948 ea
937 2901 1058 2948 sententia
1077 2900 1187 2959 luissent,
1206 2899 1330 2963 quidnih

212 3008 299 3040 omnes
324 2991 482 3056 μονόφρονις
508 2993 629 3056 appellari
654 2993 799 3056 potuissent,
825 3008 875 3056 quo
893 2992 1043 3040 indicaretur
1060 3007 1103 3040 eos
1125 3007 1154 3039 ex
1173 2998 1225 3039 toto
1242 2991 1336 3055 populo

212 3083 373 3148 excipiendos
390 3085 462 3133 csse?
487 3083 600 3145 Accedit,
617 3084 685 3147 quod
703 3091 777 3148 poeta
794 3099 838 3148 per
848 3084 991 3148 tragoediae
1000 3099 1119 3147 personas
1129 3099 1178 3131 non
1189 3083 1257 3146 apud
1272 3082 1339 3129 viros

215 3176 325 3224 eruditos
335 3177 411 3237 solos,
431 3176 474 3240 qui
483 3175 692 3240 philosophorum
701 3176 793 3239 placita
801 3181 909 3237 nossent,
920 3176 1077 3240 loquebatur,
1087 3175 1130 3222 sed
1141 3175 1207 3239 apud
1217 3174 1338 3238 populum

213 3267 302 3315 harum
328 3284 411 3316 rerum
435 3269 523 3316 rudem
549 3267 721 3330 ignarumque.
747 3267 835 3338 ¹Haud
861 3275 944 3315 tamen
973 3282 1186 3331 supervacaneum
1205 3265 1298 3321 luisset,
1316 3263 1337 3310 si

214 3359 398 3424 Naegelsbach,
416 3376 473 3408 cum
491 3359 585 3408 diceret
603 3359 637 3407 N.
657 3359 692 3408 H.
710 3360 800 3410 Theol.
821 3377 844 3423 p.
863 3371 976 3424 49-502
1002 3359 1103 3419 „Allein
1122 3359 1178 3406 dass
1197 3357 1337 3418 Aeschylus

212 3449 375 3498 hinsicbtlich
392 3451 474 3499 dieser
491 3451 651 3515 Auffassung,
670 3467 718 3499 von
736 3451 784 3499 den
804 3451 974 3515 Philosophen
992 3452 1144 3516 abgesehen,
1163 3450 1188 3498 in
1206 3450 1250 3497 der
1267 3448 1333 3495 That

213 3542 346 3607 μονόφρων
373 3542 411 3603 ist,
438 3542 482 3590 das
507 3543 562 3590 thut
586 3543 641 3592 eine
659 3544 733 3607 lange
752 3544 833 3592 Reihe
852 3560 900 3591 von
918 3544 1069 3608 Zeugnissen
1092 3544 1144 3602 dar,
1163 3557 1206 3590 aus
1226 3541 1337 3589 welchen

214 3635 259 3683 wir
293 3650 339 3683 nur
372 3634 414 3682 die
446 3635 602 3700 wichtigsten
629 3634 829 3692 herausheben‚'’
855 3635 949 3698 aliquot
976 3637 1079 3683 nomina
1104 3636 1222 3698 locosque
1249 3648 1336 3681 eorum

214 3728 430 3792 philosophorum,
456 3728 499 3791 qui
526 3743 583 3775 cum
609 3727 735 3790 Aeschylo
754 3733 854 3782 starent,
872 3726 1015 3774 addidisset.
1034 3727 1102 3773 Nam
1119 3725 1183 3773 illud
1203 3725 1337 3788 μονόφρων

213 3837 264 3869 non
290 3820 371 3868 solum
397 3835 471 3868 sensu
498 3820 614 3882 negativo
642 3826 678 3868 est
704 3819 909 3882 intellegendum,
936 3817 1006 3881 quasi
1032 3817 1172 3879 Aeschylus
1189 3815 1239 3864 hoc
1256 3816 1338 3863 solum

213 3912 296 3960 dicere
314 3911 444 3961 voluisset:
463 3911 583 3969 ‚adduae
604 3912 674 3961 druia
692 3927 743 3958 non
761 3908 865 3965 exstat‚’'
883 3909 926 3957 sed
945 3909 1019 3957 etiam
1037 3899 1115 3957 sensu¹
1129 3907 1285 3967 affirmativo,
1303 3905 1338 3953 ita

214 4011 240 4051 ut
266 4003 406 4066 Aeschylus
433 3985 534 4062 amnia,¹
553 4019 628 4067 quae·
644 4002 719 4051 ceteri
744 4001 837 4065 φθόνῳ
858 4002 928 4050 droia
946 4000 1089 4059 tribuerent,
1108 3999 1219 4047 iustitiae
1235 3998 1337 4047 divinae

213 4096 354 4146 ascriberet.
380 4123 414 4133 —
431 4097 495 4144 Item
515 4096 644 4144 Hoekstra
662 4097 711 4144 hoc
728 4095 863 4160 μονόφρων
880 4094 970 4141 resutat
988 4092 1073 4158 (opere
1090 4091 1158 4140 laud.
1176 4108 1200 4155 p.
1219 4091 1268 4153 73⁸,
1284 4091 1336 4149 sed,

214 4197 246 4238 ut*
257 4189 363 4252 videtur,
381 4189 517 4253 Sophoclis
534 4196 558 4237 et
577 4188 679 4236 Pindari
696 4188 793 4236 ratione
810 4186 905 4245 habitu,
924 4201 986 4250 quos
1004 4201 1053 4233 non
1065 4185 1136 4233 aliter
1145 4199 1173 4233 ac
1184 4183 1336 4248 Aeschylum

214 4281 305 4330 sentire
323 4281 390 4329 dicit.
553 4321 555 4325 .

254 4374 275 4437 ι)
294 4373 345 4420 llic
363 4373 437 4420 etiam
456 4373 500 4424 clr.
518 4372 599 4420 Erod.
618 4371 676 4429 XX,
695 4383 707 4435 5
725 4370 792 4436 (virle
810 4387 835 4435 p.
856 4369 919 4435 129).
