3106 4822
777 272 821 357 64

371 467 424 527 καὶ
450 467 506 526 νῦν
531 461 670 536 ἁλούσας
693 461 788 525 τάσδε
813 465 872 535 τὰς
894 468 1032 544 μάργους
1055 465 1130 544 ὁρᾷς

370 578 463 658 ὕπνῳ
488 588 638 641 πισοῐισαι
664 574 691 638 δ’
717 579 752 638 αἱ
775 580 998 640 κατάπτυστοι
1024 581 1124 658 κόραι,

370 698 476 774 γραῖαι
502 689 640 753 παλαιαί
666 689 788 769 παῖδες,
814 689 865 762 αἶς
889 695 925 754 ou
948 690 1102 770 μίγνυται

372 808 458 867 θεῶν
483 830 532 877 τις
555 804 623 868 oiirl'
647 809 822 887 ἄνθρωπος
845 804 915 866 οὐδὲ
943 811 1002 886 θήρ
1028 827 1118 866 ποτε.

283 923 354 984 Nec
378 943 444 984 non
470 921 620 984 Minerva
644 921 755 984 dicens
779 926 822 999 (v.
845 921 1057 1003 406-408):

371 1032 451 1115 ι’νμας
477 1032 509 1095 o'
533 1033 642 1114 σ’μοίας
665 1031 768 1094 οὐδενὶ
793 1035 948 1115 σπαρτῶν
972 1031 1065 1110 γένει,

371 1150 440 1214 οὔτ’
463 1151 495 1210 ἐν
519 1155 627 1210 θεαῖσι
652 1150 730 1230 πρὸς
753 1153 840 1210 θεῶν
864 1147 1021 1230 ὁρωμένας

372 1263 440 1327 οὔτ’
464 1255 520 1325 οὖν
544 1262 698 1346 βροτείοις
723 1267 861 1344 ἐμφερεῖς
884 1268 1105 1344 μορφώμασιν.

284 1377 433 1460 Itemque
467 1377 736 1460 prosequentium
771 1386 900 1441 caterva
931 1378 1053 1440 verbis:
1088 1376 1222 1446 Νυκτὸς
1246 1371 1358 1446 παῖδες

238 1488 375 1561 ἄπαιδες
399 1490 503 1569 (Eum.
532 1490 638 1572 1011).

284 1605 413 1668 Eodem
449 1605 540 1682 redit,
577 1604 667 1687 quod
700 1605 742 1667 ab
778 1603 898 1669 Oresta
932 1614 965 1669 et
1000 1605 1236 1689 Clytaemestra
1270 1603 1361 1674 κιίνις

238 1725 397 1781 vocantur
423 1717 461 1799 1),
502 1718 660 1800 quodque
703 1718 828 1800 Apollo
872 1741 926 1781 eas
961 1719 1010 1781 his
1044 1718 1152 1782 verbis
1187 1716 1362 1799 compellat

239 1829 345 1915 (Eum.
375 1829 477 1913 634):
514 1820 538 1891 ὦ
571 1836 752 1911 παντομισῆ
785 1828 945 1909 κνώδαλα,
977 1836 1077 1912 στιίγη
1107 1832 1206 1908 θεῶν,
1241 1830 1360 1913 quibus

238 1946 333 2008 variis
369 1945 556 2008 nominibus
591 1946 762 2027 quomodo
798 1946 879 2009 illud
914 1947 1025 2025 σεμναὶ
1063 1947 1126 2021 (vv.
1152 1961 1226 2027 379,
1267 1943 1360 2025 1017)

239 2061 427 2137 consentiat,
452 2060 591 2141 quisque
613 2060 712 2123 videt.

284 2173 354 2234 Iam
380 2172 547 2235 videamus
571 2194 653 2256 quas
677 2173 771 2252 τιμὰς
794 2172 935 2237 habeant
957 2175 1106 2256 Erinyes,
1130 2172 1225 2254 Ipsae
1248 2173 1361 2235 dicunt

238 2287 332 2350 Eum.
358 2304 553 2367 339-340:

283 2398 493 2479 γιγνομέναισι
518 2397 600 2482 λάχη
623 2399 699 2463 τάδε
723 2399 769 2480 ἐφ’
793 2390 868 2480 ἇμιν
894 2405 1045 2483 ἐκράνθη,

283 2513 463 2576 οίίνανοίτων
488 2512 515 2575 d’
540 2512 669 2596 ἀπέχειν
694 2513 791 2597 χέρας.

283 2627 373 2708 Quas
407 2630 504 2711 igitur
538 2628 659 2691 habent
693 2632 794 2707 τιμάς,
829 2627 950 2691 habent
985 2629 1059 2691 inde
1090 2650 1109 2689 a
1139 2629 1246 2710 primo
1270 2636 1359 2700 ortu,

239 2743 297 2804 sed
331 2744 363 2805 in
397 2743 548 2806 homines
579 2743 668 2805 solos
692 2743 750 2805 has
775 2744 869 2820 τιμὰς
891 2763 1044 2804 exercere
1067 2743 1105 2804 iis
1129 2740 1214 2818 licet,
1239 2760 1304 2803 non
1327 2740 1360 2802 in

240 2857 329 2918 deos.
356 2855 388 2938 2)
422 2857 456 2920 A
479 2878 546 2939 quo
569 2867 678 2921 tamen
707 2855 771 2918 hoc
795 2877 914 2919 munus
938 2857 1131 2937 acceperint,
1156 2875 1223 2918 non
1245 2845 1359 2936 liquet.

241 2970 328 3032 Nam
368 2969 448 3040 Ζεύς
489 2953 640 3053 quidem,
681 2979 855 3052 postquam
892 2990 950 3032 rex
985 2968 1123 3032 deorum
1159 2969 1265 3032 lactus
1301 2977 1359 3045 est,

240 3082 381 3146 honores
414 3085 496 3146 inter
530 3084 611 3151 deos
645 3084 815 3160 distribuit,
850 3083 989 3165 Erinyes
1022 3091 1142 3158 tamen,
1177 3103 1262 3164 quae
1285 3089 1361 3144 sunt

241 3193 380 3258 παλαιαὶ
406 3199 490 3276 θεαὶ,
515 3200 578 3261 iam
602 3198 643 3260 ab
665 3207 736 3260 ortu
751 3219 848 3261 suum
864 3196 986 3258 habent
1002 3216 1131 3270 munuS,
1144 3215 1210 3278 quo
1222 3196 1359 3272 accedit,

240 3312 330 3394 quod
362 3312 575 3375 Prometheus
606 3313 683 3375 dicit
706 3333 760 3374 eas
784 3333 848 3375 una
872 3333 946 3374 cum
972 3312 1078 3375 Parcis
1100 3309 1359 3394 gubernaculum

240 3426 439 3489 necessitatis
475 3436 595 3498 tenere,
631 3447 696 3509 qua
729 3428 806 3497 Ζεύς
851 3427 919 3508 ipse
953 3426 994 3489 sit
1025 3425 1158 3487 inferior
1191 3424 1261 3509 (qui
1295 3423 1359 3485 hoc

241 3539 498 3623 intellegendum
534 3541 584 3617 sit,
620 3540 696 3602 vide
728 3561 760 3622 p.
799 3539 950 3623 56-58).
998 3540 1137 3622 Erinyes
1160 3539 1260 3622 igitur
1281 3559 1359 3602 suos

240 3653 383 3716 honores
406 3654 447 3717 ab
471 3654 550 3717 Iove
573 3652 693 3716 habere
716 3674 783 3716 non
806 3662 953 3736 possunt.
977 3653 1066 3734 Quid
1086 3653 1206 3736 igitur?
1229 3652 1359 3734 Μοίρας

240 3766 294 3828 hic
327 3767 439 3830 afferet
478 3767 603 3850 aliquis.
649 3764 715 3829 Sed
751 3769 875 3846 Μοῖραι
913 3774 989 3828 sunt
1023 3755 1152 3829 sorores
1187 3767 1358 3852 Erinyum.

237 3866 341 3942 Unde
374 3880 435 3965 hae
457 3888 523 3943 tres
545 3900 675 3942 sorores
697 3887 820 3942 tantam
844 3881 877 3941 in
900 3900 954 3941 eas
977 3872 1171 3961 potestatem
1194 3878 1361 3943 habeant?

159 4002 161 4006 '
241 3991 381 4054 Videtur
413 4003 524 4056 autem
558 4015 601 4056 ex
635 3993 726 4056 Eum.
764 4005 936 4075 349—353
972 3993 1056 4056 effici
1089 3993 1360 4076 posse,.Erinyes

240 4127 434 4138 -—.—-

276 4190 299 4254 1)
320 4191 424 4256 Choma.
441 4190 581 4254 917-918,
602 4201 673 4253 1051.
980 4231 983 4236 .
1245 4245 1247 4250 ,

275 4279 299 4347 2)
317 4281 383 4331 Vide
406 4281 481 4331 etiam
501 4282 580 4329 Eum.
599 4280 661 4344 382:
690 4280 761 4346 λάχη
783 4281 854 4330 θεῶν
873 4279 1098 4346 διχοστατοῦντιι.
1124 4280 1158 4329 Et
1175 4280 1236 4332 ibid.
1254 4296 1278 4331 v.
1296 4280 1360 4343 3062

242 4369 361 4426 λέξαιτο
381 4369 452 4437 λάχη
470 4371 505 4418 τὰ
524 4367 583 4420 κατ’
601 4369 773 4437 ἀνθρώπους.
