3106 4822
750 289 809 334 122

216 472 247 524 et
278 462 406 524 Electra
441 461 495 523 ubi
531 460 678 536 haesitat,
720 481 761 521 an
802 459 970 521 inimicum
1014 459 1107 520 malis
1141 457 1269 520 afficere
1292 458 1338 520 fas

217 577 268 653 sit,
293 584 387 656 rogat
410 573 548 636 chorum
576 572 706 653 Clzorplc.
736 587 813 652 115:

394 689 445 749 καί
471 690 577 748 ταῦτά
598 687 731 766 μσείστίν
756 683 866 770 ennesii]
891 689 977 748 θεῶν
1002 690 1110 765 πάρας

260 803 377 884 Itaque
410 823 453 865 ex
488 802 653 882 impietate
686 805 844 865 adversus
878 799 958 862 deos
992 798 1070 862 vitia
1101 808 1278 860 nascuntur
1302 807 1337 859 ut

216 917 369 999 superbia
392 916 485 982 Eum.
511 915 590 995 526:

394 1027 561 1114 δυσσεβίας
585 1030 642 1110 μὲν
668 1030 755 1114 ὕβρις
779 1027 865 1100 τέκος
888 1027 930 1100 ὡς
954 1029 1085 1106 ἑτοίμως·

259 1144 409 1225 Apparet
449 1145 548 1226 igitur
590 1141 750 1226 εὐσέβειαν
794 1163 858 1205 non
894 1142 1002 1204 solum
1037 1139 1162 1201 cultum
1197 1140 1334 1202 deorum

215 1257 406 1339 significare,
442 1257 501 1318 sed
536 1257 632 1319 etiam
667 1257 698 1317 in
734 1277 774 1318 eo
797 1256 936 1336 positam
960 1274 1042 1330 esse,
1067 1261 1102 1313 ut
1125 1251 1273 1314 homines
1298 1254 1336 1314 iis

215 1371 353 1453 legibus
389 1391 471 1452 quas
503 1369 584 1433 deus
607 1370 754 1432 societati
779 1368 943 1432 humanae
966 1369 1100 1448 dederit,
1123 1375 1268 1452 pareant.
1293 1367 1336 1429 ita

214 1494 323 1547 tamen
347 1493 383 1545 ut
406 1479 547 1565 εὐσέβεια
569 1503 696 1544 summa
719 1481 818 1546 virtus
840 1483 913 1566 (νιονι
930 1503 1058 1545 summa
1069 1482 1231 1564 virtutum)
1244 1490 1336 1562 atque

214 1596 353 1658 οιινννίιιινν
386 1595 526 1658 aliarum
560 1595 711 1658 virtutum
733 1616 831 1657 causa
852 1595 897 1658 sit
916 1617 955 1658 ac
972 1607 1099 1676 parens.
1135 1596 1228 1678 Quas
1253 1597 1336 1658 inter

215 1709 356 1790 reliquas
393 1709 538 1784 virtutes
575 1727 658 1789 quae
693 1728 736 1769 ex
770 1708 889 1789 pietate
920 1728 999 1789 erga
1022 1709 1120 1770 deum
1147 1717 1334 1784 nascuntur,

214 1821 277 1883 hae
299 1830 426 1903 praeter
448 1822 526 1883 alias
549 1831 626 1883 sunt
652 1821 977 1883 commemorandae:
1001 1822 1105 1902 pietas
1130 1841 1207 1902 erga
1219 1840 1334 1901 paren-

213 1946 272 2011 tes,
290 1935 319 2014 1)
353 1956 446 1998 amor
480 1937 613 2018 patriae,
628 1935 659 2019 2)
684 1935 847 2017 supplices
870 1943 969 2017 atque
992 1934 1137 2017 hospites
1161 1934 1334 1996 defendere

249 2134 271 2201 1)
289 2135 379 2202 δεινοί·
396 2133 544 2198 673-6πτ

513 2227 543 2274 τὸ
562 2227 614 2292 γὰρ
633 2226 763 2276 τεκόντοιν
782 2227 866 2286 σε’βας

512 2319 603 2383 τρίτον
620 2316 679 2365 τόδ’
698 2318 727 2365 ε”ν
748 2318 869 2377 θεσμίοις

513 2410 598 2466 Δίκας
616 2410 771 2476 γε’γραπτιιι
788 2413 986 2474 μεγιστοτίμου.

246 2503 287 2550 Ad
312 2517 387 2566 quem
414 2501 497 2549 locum
523 2499 664 2549 Scholiasta
689 2507 806 2552 annotat:
833 2505 937 2567 πρῶτον
963 2502 1054 2559 θεούς,
1079 2501 1207 2567 δεύτερον
1229 2501 1332 2559 νόμους,

211 2597 303 2661 ’τρίτον
327 2593 358 2643 δὲ
385 2592 460 2650 τόδε,
487 2595 517 2641 τὸ
541 2594 603 2648 τοὺς
622 2599 708 2656 γονεῖς
726 2595 816 2652 τιμᾶν.
852 2592 993 2657 Aeschylus
1009 2599 1092 2641 tamen
1109 2592 1207 2641 videtur
1226 2591 1269 2640 illa
1286 2591 1334 2640 tria

211 2686 365 2752 significasse
381 2686 462 2736 Eum.
479 2683 626 2749 265-268:

411 2775 471 2837 ὄψει
489 2775 520 2825 δὲ
541 2775 580 2825 κεί
597 2794 638 2833 τις
656 2774 737 2833 ἄλλος
756 2775 849 2839 ἤλιτεν
867 2777 971 2842 βροτῶν

411 2872 427 2935 ἢ
447 2872 513 2919 θεὸν
533 2873 549 2935 η
567 2869 640 2924 ξένον
659 2868 709 2917 τιν’
728 2867 834 2928 ἀσεβῶν

412 2963 428 3026 ἢ
448 2962 539 3019 τοκίας
557 2959 658 3019 φίλους,

411 3053 505 3120 ἔχονθ’
524 3049 636 3102 ἕκαστον
653 3058 703 3117 τῆς
722 3051 800 3119 δίκης
818 3050 924 3107 ἐπάξια.

245 3145 303 3194 Hae
328 3145 397 3194 euim
422 3151 471 3194 tres
494 3145 597 3194 virtutes
620 3145 723 3194 sirecte
740 3143 863 3206 coluntur,
880 3142 989 3207 reliquae
1007 3157 1093 3191 omnes
1112 3140 1213 3206 neglegi
1229 3141 1333 3190 minime

209 3241 321 3300 possunt.
339 3235 423 3297 Quam
440 3235 474 3284 ob
491 3251 543 3284 rem
561 3235 586 3282 in
596 3233 677 3283 Sacris
690 3249 790 3298 quoque
804 3233 887 3281 Libris
898 3239 951 3281 tota
960 3232 1036 3281 lexin
1045 3232 1108 3281 haec
1118 3231 1169 3280 duo
1179 3232 1334 3281 contrahitur

210 3327 271 3377 Luc.
296 3327 329 3391 X,
346 3338 394 3390 273
419 3327 582 3392 Ἀγαπήσεις
606 3327 707 3393 Κύριον
729 3328 776 3374 τὸν
798 3324 866 3374 Θεὸν
886 3340 931 3374 σου
949 3325 975 3380 ἐξ
993 3324 1056 3391 ὅλης
1074 3330 1124 3389 τῆς
1142 3324 1258 3390 καρδίας
1277 3339 1333 3383 σου,

210 3422 254 3468 καί
280 3421 306 3475 ἐξ
329 3419 394 3486 ὅλης
417 3426 467 3486 τῆς
494 3424 583 3485 ψυχῆς
609 3433 662 3483 σου,
689 3420 733 3466 καί
759 3417 786 3472 ἐξ
810 3416 873 3483 ὅλης
898 3421 947 3481 τῆς
971 3417 1061 3482 ἰσχύος
1086 3431 1139 3475 σου,
1164 3418 1207 3464 καί
1225 3417 1251 3471 ἐξ
1269 3417 1332 3483 ὅλης

189 3533 191 3539 ⁴
210 3517 258 3577 τῆς
276 3511 399 3569 διανοίας
418 3525 471 3561 σου·
490 3513 534 3559 καί
550 3513 597 3560 τὸν
616 3510 730 3577 πλησίον
749 3525 794 3559 σου
812 3507 845 3568 ὡς
864 3507 985 3559 σεαυτόν.

242 3603 267 3668 2)
288 3604 355 3669 Sept,
373 3602 520 3668 563-569:

342 3682 360 3760 ἦ
376 3703 448 3744 τοῖον
466 3694 544 3762 ἔργον
563 3696 606 3744 καί
625 3695 714 3743 θεοῖσι
730 3691 884 3760 προσφιλές,

342 3785 425 3836 καλόν
442 3787 467 3834 τ’
485 3786 596 3835 ἀκοῦσαι
614 3787 657 3834 καί
675 3783 765 3849 λέγειν
783 3784 973 3850 μεθυστέροις,

340 3878 421 3929 πόλιν
439 3878 568 3945 πατρῴαν
587 3879 631 3925 καί
649 3878 732 3933 θεοὺς
750 3878 812 3934 τοὺς
830 3877 951 3940 ἐγγενεῖς

341 3970 469 4036 πορθεῖν,
488 3968 632 4036 στράτευμ’
651 3969 768 4017 ἐπακτὸν
787 3966 1000 4034 ἐμβεβληκότας

340 4061 442 4128 μητρός
459 4061 485 4124 (i.
503 4076 525 4110 e.
543 4059 687 4127 πατρίδος)
705 4077 734 4108 τε
753 4063 847 4126 πηγὴν
865 4062 906 4117 τίς
925 4061 1089 4120 κατασβέσει
1107 4059 1181 4126 δίκη,

342 4155 442 4220 πατρίς
461 4152 491 4202 δι’
513 4162 578 4218 γαῖα
598 4157 645 4218 σῆς
664 4153 715 4203 ὑπὸ
734 4152 856 4217 σπουδῆς
875 4151 934 4219 δορί

341 4241 441 4292 ἁλοῦσα
460 4247 514 4302 πῶς
533 4258 571 4292 σοι
588 4245 723 4310 ξύμμαχος
742 4247 900 4309 γενήσεται,·

242 4332 292 4382 Cir.
310 4333 376 4398 Sept
398 4347 570 4399 1030-1034.
