<?xml version="1.0" encoding="UTF-8"?>
<!DOCTYPE html PUBLIC "-//W3C//DTD XHTML 1.0 Transitional//EN"
    "http://www.w3.org/TR/xhtml1/DTD/xhtml1-transitional.dtd">
<html xmlns="http://www.w3.org/1999/xhtml" xml:lang="en" lang="en">
 <head>
  <title>
</title>
<meta http-equiv="Content-Type" content="text/html;charset=utf-8" />
  <meta name='ocr-system' content='tesseract 3.04.00' />
  <meta name='ocr-capabilities' content='ocr_page ocr_carea ocr_par ocr_line ocrx_word'/>
</head>
<body>
  <div class='ocr_page' id='page_1' title='image "./dedeoaeschyleo00fiscgoog_0133.png"; bbox 0 0 3106 4822; ppageno 0'>
   <div class='ocr_carea' id='block_1_1' title="bbox 886 251 945 311">
    <p class='ocr_par' dir='ltr' id='par_1_1' title="bbox 886 251 945 311">
     <span class='ocr_line' id='line_1_1' title="bbox 886 251 945 311; baseline -0.017 0"><span class='ocrx_word' id='word_1_1' title='bbox 886 251 945 311; x_wconf 90' lang='lat'><strong>118</strong></span> 
     </span>
    </p>
   </div>
   <div class='ocr_carea' id='block_1_2' title="bbox 353 436 1478 1880">
    <p class='ocr_par' dir='ltr' id='par_1_2' title="bbox 353 436 1476 860">
     <span class='ocr_line' id='line_1_2' title="bbox 353 436 1473 518; baseline 0.003 -22"><span class='ocrx_word' id='word_1_2' title='bbox 353 437 470 497; x_wconf 91' lang='lat' dir='ltr'><strong>eodem</strong></span> <span class='ocrx_word' id='word_1_3' title='bbox 494 448 649 499; x_wconf 85' lang='lat' dir='ltr'><strong>ornantur</strong></span> <span class='ocrx_word' id='word_1_4' title='bbox 673 437 815 508; x_wconf 84' lang='lat' dir='ltr'><strong>nomine,</strong></span> <span class='ocrx_word' id='word_1_5' title='bbox 845 438 872 518; x_wconf 86' lang='lat'><strong>1)</strong></span> <span class='ocrx_word' id='word_1_6' title='bbox 897 437 955 498; x_wconf 88' lang='lat' dir='ltr'><strong>sed</strong></span> <span class='ocrx_word' id='word_1_7' title='bbox 980 436 1023 498; x_wconf 91' lang='lat' dir='ltr'><strong>illi</strong></span> <span class='ocrx_word' id='word_1_8' title='bbox 1048 437 1248 500; x_wconf 89' lang='lat' dir='ltr'><strong>documento</strong></span> <span class='ocrx_word' id='word_1_9' title='bbox 1261 447 1338 499; x_wconf 92' lang='lat' dir='ltr'><strong>sunt</strong></span> <span class='ocrx_word' id='word_1_10' title='bbox 1351 457 1473 500; x_wconf 91' lang='lat' dir='ltr'><strong>numen</strong></span> 
     </span>
     <span class='ocr_line' id='line_1_3' title="bbox 353 550 1476 632; baseline -0.002 -20"><span class='ocrx_word' id='word_1_11' title='bbox 353 551 499 613; x_wconf 89' lang='lat' dir='ltr'><strong>divinum</strong></span> <span class='ocrx_word' id='word_1_12' title='bbox 523 553 657 614; x_wconf 92' lang='lat' dir='ltr'><strong>omnino</strong></span> <span class='ocrx_word' id='word_1_13' title='bbox 680 560 827 614; x_wconf 90' lang='lat' dir='ltr'><strong>sanctum</strong></span> <span class='ocrx_word' id='word_1_14' title='bbox 852 550 999 613; x_wconf 85' lang='lat' dir='ltr'><strong>habitum</strong></span> <span class='ocrx_word' id='word_1_15' title='bbox 1024 572 1106 626; x_wconf 89' lang='lat' dir='ltr'><strong>esse,</strong></span> <span class='ocrx_word' id='word_1_16' title='bbox 1119 550 1200 612; x_wconf 85' lang='lat' dir='ltr'><strong>haec</strong></span> <span class='ocrx_word' id='word_1_17' title='bbox 1213 560 1322 612; x_wconf 86' lang='lat' dir='ltr'><strong>autem</strong></span> <span class='ocrx_word' id='word_1_18' title='bbox 1337 560 1476 632; x_wconf 91' lang='lat' dir='ltr'><strong>utroque</strong></span> 
     </span>
     <span class='ocr_line' id='line_1_4' title="bbox 354 662 1475 746; baseline -0.003 -19"><span class='ocrx_word' id='word_1_19' title='bbox 354 665 439 742; x_wconf 93' lang='lat' dir='ltr'><strong>loc0,</strong></span> <span class='ocrx_word' id='word_1_20' title='bbox 482 666 537 727; x_wconf 95' lang='lat' dir='ltr'><strong>ubi</strong></span> <span class='ocrx_word' id='word_1_21' title='bbox 578 666 662 742; x_wconf 77' lang='grc' dir='ltr'><strong><em>ἁγνὰ</em></strong></span> <span class='ocrx_word' id='word_1_22' title='bbox 704 664 894 746; x_wconf 89' lang='lat' dir='ltr'><strong>appellatur,</strong></span> <span class='ocrx_word' id='word_1_23' title='bbox 939 669 995 741; x_wconf 66' lang='grc' dir='ltr'><strong>τῆς</strong></span> <span class='ocrx_word' id='word_1_24' title='bbox 1030 662 1129 745; x_wconf 68' lang='grc' dir='ltr'><strong><em>Δίκης</em></strong></span> <span class='ocrx_word' id='word_1_25' title='bbox 1166 684 1300 726; x_wconf 89' lang='lat' dir='ltr'><strong>munere</strong></span> <span class='ocrx_word' id='word_1_26' title='bbox 1335 664 1475 744; x_wconf 84' lang='lat' dir='ltr'><strong>iungens</strong></span> 
     </span>
     <span class='ocr_line' id='line_1_5' title="bbox 354 778 584 860; baseline 0 -19"><span class='ocrx_word' id='word_1_27' title='bbox 354 780 526 841; x_wconf 82' lang='lat' dir='ltr'>inducitur.</span> <span class='ocrx_word' id='word_1_28' title='bbox 553 778 584 860; x_wconf 83' lang='grc'><strong>2)</strong></span> 
     </span>
    </p>

    <p class='ocr_par' dir='ltr' id='par_1_3' title="bbox 354 889 1477 1200">
     <span class='ocr_line' id='line_1_6' title="bbox 398 889 1477 974; baseline -0.001 -22"><span class='ocrx_word' id='word_1_29' title='bbox 398 892 477 964; x_wconf 62' lang='lat' dir='ltr'><strong>Zau·</strong></span> <span class='ocrx_word' id='word_1_30' title='bbox 499 901 620 968; x_wconf 90' lang='lat' dir='ltr'><strong>autem,</strong></span> <span class='ocrx_word' id='word_1_31' title='bbox 645 892 699 974; x_wconf 91' lang='lat' dir='ltr'><strong>qui</strong></span> <span class='ocrx_word' id='word_1_32' title='bbox 726 890 895 974; x_wconf 89' lang='lat' dir='ltr'>Aeschylo</span> <span class='ocrx_word' id='word_1_33' title='bbox 920 891 1106 954; x_wconf 86' lang='lat' dir='ltr'><strong>verissimus</strong></span> <span class='ocrx_word' id='word_1_34' title='bbox 1131 891 1211 953; x_wconf 92' lang='lat' dir='ltr'><strong>deus</strong></span> <span class='ocrx_word' id='word_1_35' title='bbox 1233 899 1312 966; x_wconf 86' lang='lat' dir='ltr'><strong>erat,</strong></span> <span class='ocrx_word' id='word_1_36' title='bbox 1326 889 1477 967; x_wconf 87' lang='lat' dir='ltr'><strong>debebat,</strong></span> 
     </span>
     <span class='ocr_line' id='line_1_7' title="bbox 355 1003 1475 1088; baseline -0.004 -20"><span class='ocrx_word' id='word_1_37' title='bbox 355 1008 379 1068; x_wconf 94' lang='lat' dir='ltr'><strong>si</strong></span> <span class='ocrx_word' id='word_1_38' title='bbox 411 1008 482 1088; x_wconf 92' lang='lat' dir='ltr'><strong>quis</strong></span> <span class='ocrx_word' id='word_1_39' title='bbox 507 1007 599 1083; x_wconf 88' lang='lat' dir='ltr'><strong>alius,</strong></span> <span class='ocrx_word' id='word_1_40' title='bbox 624 1009 652 1068; x_wconf 92' lang='lat' dir='ltr'><strong>ei</strong></span> <span class='ocrx_word' id='word_1_41' title='bbox 676 1015 809 1068; x_wconf 84' lang='lat' dir='ltr'><strong>sanctus</strong></span> <span class='ocrx_word' id='word_1_42' title='bbox 833 1006 932 1068; x_wconf 88' lang='lat' dir='ltr'><strong>videri</strong></span> <span class='ocrx_word' id='word_1_43' title='bbox 959 1005 1032 1088; x_wconf 85' lang='lat' dir='ltr'><strong>(nisi</strong></span> <span class='ocrx_word' id='word_1_44' title='bbox 1056 1005 1191 1066; x_wconf 93' lang='lat' dir='ltr'><strong>omnino</strong></span> <span class='ocrx_word' id='word_1_45' title='bbox 1215 1005 1327 1068; x_wconf 89' lang='lat' dir='ltr'><strong>divino</strong></span> <span class='ocrx_word' id='word_1_46' title='bbox 1351 1003 1475 1066; x_wconf 93' lang='lat' dir='ltr'><strong>numini</strong></span> 
     </span>
     <span class='ocr_line' id='line_1_8' title="bbox 354 1117 1090 1200; baseline -0.007 -19"><span class='ocrx_word' id='word_1_47' title='bbox 354 1121 557 1182; x_wconf 85' lang='lat' dir='ltr'><strong>sanctitatem</strong></span> <span class='ocrx_word' id='word_1_48' title='bbox 583 1120 766 1200; x_wconf 84' lang='lat' dir='ltr'><strong>abrogaret,</strong></span> <span class='ocrx_word' id='word_1_49' title='bbox 790 1118 880 1200; x_wconf 93' lang='lat' dir='ltr'><strong>quod</strong></span> <span class='ocrx_word' id='word_1_50' title='bbox 905 1139 970 1180; x_wconf 95' lang='lat' dir='ltr'><strong>non</strong></span> <span class='ocrx_word' id='word_1_51' title='bbox 994 1117 1090 1199; x_wconf 79' lang='lat' dir='ltr'><strong>fecit).</strong></span> 
     </span>
    </p>

    <p class='ocr_par' dir='ltr' id='par_1_4' title="bbox 354 1230 1478 1880">
     <span class='ocr_line' id='line_1_9' title="bbox 399 1230 1476 1314; baseline -0.003 -20"><span class='ocrx_word' id='word_1_52' title='bbox 399 1232 535 1314; x_wconf 84' lang='lat' dir='ltr'><strong>Apollo,</strong></span> <span class='ocrx_word' id='word_1_53' title='bbox 571 1233 625 1294; x_wconf 93' lang='lat' dir='ltr'><strong>ille</strong></span> <span class='ocrx_word' id='word_1_54' title='bbox 661 1233 737 1302; x_wconf 65' lang='grc' dir='ltr'><strong>Διὸς</strong></span> <span class='ocrx_word' id='word_1_55' title='bbox 773 1235 945 1312; x_wconf 64' lang='grc' dir='ltr'><strong><em>προφήτης,</em></strong></span> <span class='ocrx_word' id='word_1_56' title='bbox 971 1231 1003 1313; x_wconf 72' lang='grc'><strong>3)</strong></span> <span class='ocrx_word' id='word_1_57' title='bbox 1027 1241 1157 1293; x_wconf 84' lang='lat' dir='ltr'><strong>sanctus</strong></span> <span class='ocrx_word' id='word_1_58' title='bbox 1181 1230 1374 1313; x_wconf 89' lang='lat' dir='ltr'><strong>appellatur,</strong></span> <span class='ocrx_word' id='word_1_59' title='bbox 1399 1231 1476 1311; x_wconf 86' lang='lat' dir='ltr'><strong>quia</strong></span> 
     </span>
     <span class='ocr_line' id='line_1_10' title="bbox 354 1345 1476 1427; baseline -0.002 -20"><span class='ocrx_word' id='word_1_60' title='bbox 354 1346 424 1407; x_wconf 90' lang='lat' dir='ltr'><strong>eius</strong></span> <span class='ocrx_word' id='word_1_61' title='bbox 448 1345 590 1420; x_wconf 87' lang='lat' dir='ltr'><strong>oracula,</strong></span> <span class='ocrx_word' id='word_1_62' title='bbox 615 1366 699 1427; x_wconf 88' lang='lat' dir='ltr'><strong>quae</strong></span> <span class='ocrx_word' id='word_1_63' title='bbox 722 1345 762 1407; x_wconf 93' lang='lat' dir='ltr'><strong>ab</strong></span> <span class='ocrx_word' id='word_1_64' title='bbox 788 1345 868 1406; x_wconf 92' lang='lat' dir='ltr'><strong>Iove</strong></span> <span class='ocrx_word' id='word_1_65' title='bbox 891 1346 919 1406; x_wconf 92' lang='lat' dir='ltr'><strong>ei</strong></span> <span class='ocrx_word' id='word_1_66' title='bbox 945 1345 1073 1416; x_wconf 90' lang='lat' dir='ltr'><strong>dantur,</strong></span> <span class='ocrx_word' id='word_1_67' title='bbox 1097 1364 1226 1426; x_wconf 83' lang='lat' dir='ltr'>semper</span> <span class='ocrx_word' id='word_1_68' title='bbox 1249 1365 1325 1406; x_wconf 91' lang='lat' dir='ltr'><strong>vera</strong></span> <span class='ocrx_word' id='word_1_69' title='bbox 1339 1365 1377 1406; x_wconf 87' lang='lat' dir='ltr'><strong>ac</strong></span> <span class='ocrx_word' id='word_1_70' title='bbox 1392 1345 1476 1406; x_wconf 89' lang='lat' dir='ltr'><strong>iusta</strong></span> 
     </span>
     <span class='ocr_line' id='line_1_11' title="bbox 355 1456 1477 1540; baseline -0.001 -21"><span class='ocrx_word' id='word_1_71' title='bbox 355 1467 441 1533; x_wconf 88' lang='lat' dir='ltr'><strong>sunt,</strong></span> <span class='ocrx_word' id='word_1_72' title='bbox 465 1479 565 1540; x_wconf 90' lang='lat' dir='ltr'><strong>quam</strong></span> <span class='ocrx_word' id='word_1_73' title='bbox 590 1458 632 1520; x_wconf 94' lang='lat' dir='ltr'><strong>ob</strong></span> <span class='ocrx_word' id='word_1_74' title='bbox 657 1479 724 1519; x_wconf 89' lang='lat' dir='ltr'><strong>rem</strong></span> <span class='ocrx_word' id='word_1_75' title='bbox 749 1458 880 1519; x_wconf 87' lang='lat' dir='ltr'><strong>oracula</strong></span> <span class='ocrx_word' id='word_1_76' title='bbox 905 1460 972 1538; x_wconf 89' lang='lat' dir='ltr'><strong>ipsa</strong></span> <span class='ocrx_word' id='word_1_77' title='bbox 996 1468 1106 1519; x_wconf 88' lang='lat' dir='ltr'><strong>sancta</strong></span> <span class='ocrx_word' id='word_1_78' title='bbox 1120 1458 1280 1520; x_wconf 87' lang='lat' dir='ltr'><strong>dicuntur.</strong></span> <span class='ocrx_word' id='word_1_79' title='bbox 1292 1457 1325 1539; x_wconf 81' lang='lat'><strong>4)</strong></span> <span class='ocrx_word' id='word_1_80' title='bbox 1349 1456 1477 1520; x_wconf 90' lang='lat' dir='ltr'><strong>Iustitia</strong></span> 
     </span>
     <span class='ocr_line' id='line_1_12' title="bbox 355 1570 1476 1654; baseline 0.002 -24"><span class='ocrx_word' id='word_1_81' title='bbox 355 1571 461 1654; x_wconf 82' lang='grc' dir='ltr'>(Δίκη)</span> <span class='ocrx_word' id='word_1_82' title='bbox 497 1572 650 1654; x_wconf 87' lang='lat' dir='ltr'><strong>denique,</strong></span> <span class='ocrx_word' id='word_1_83' title='bbox 686 1570 740 1633; x_wconf 90' lang='lat' dir='ltr'><strong>illa</strong></span> <span class='ocrx_word' id='word_1_84' title='bbox 774 1573 861 1633; x_wconf 91' lang='lat' dir='ltr'><strong>Iovis</strong></span> <span class='ocrx_word' id='word_1_85' title='bbox 897 1571 970 1648; x_wconf 86' lang='lat' dir='ltr'><strong>lilia,</strong></span> <span class='ocrx_word' id='word_1_86' title='bbox 1006 1581 1118 1633; x_wconf 90' lang='lat' dir='ltr'><strong>sancta</strong></span> <span class='ocrx_word' id='word_1_87' title='bbox 1142 1580 1200 1646; x_wconf 91' lang='lat' dir='ltr'><strong>est,</strong></span> <span class='ocrx_word' id='word_1_88' title='bbox 1223 1572 1300 1653; x_wconf 92' lang='lat' dir='ltr'><strong>quia</strong></span> <span class='ocrx_word' id='word_1_89' title='bbox 1323 1592 1381 1653; x_wconf 93' lang='lat' dir='ltr'><strong>per</strong></span> <span class='ocrx_word' id='word_1_90' title='bbox 1404 1592 1476 1633; x_wconf 88' lang='lat' dir='ltr'><strong>eam</strong></span> 
     </span>
     <span class='ocr_line' id='line_1_13' title="bbox 354 1685 1478 1767; baseline 0 -21"><span class='ocrx_word' id='word_1_91' title='bbox 354 1694 489 1767; x_wconf 85' lang='lat' dir='ltr'><strong>apparet</strong></span> <span class='ocrx_word' id='word_1_92' title='bbox 512 1685 625 1746; x_wconf 91' lang='lat' dir='ltr'><strong>Iovem</strong></span> <span class='ocrx_word' id='word_1_93' title='bbox 650 1685 847 1766; x_wconf 87' lang='lat' dir='ltr'><strong>impietatem</strong></span> <span class='ocrx_word' id='word_1_94' title='bbox 872 1694 904 1747; x_wconf 92' lang='lat' dir='ltr'><strong>et</strong></span> <span class='ocrx_word' id='word_1_95' title='bbox 927 1685 1168 1767; x_wconf 87' lang='lat' dir='ltr'><strong>improbitatem</strong></span> <span class='ocrx_word' id='word_1_96' title='bbox 1192 1685 1313 1758; x_wconf 88' lang='lat' dir='ltr'><strong>odisse,</strong></span> <span class='ocrx_word' id='word_1_97' title='bbox 1338 1705 1478 1766; x_wconf 89' lang='lat' dir='ltr'><strong>eamque</strong></span> 
     </span>
     <span class='ocr_line' id='line_1_14' title="bbox 356 1797 1477 1880; baseline 0.002 -22"><span class='ocrx_word' id='word_1_98' title='bbox 356 1798 399 1858; x_wconf 94' lang='lat' dir='ltr'><strong>ob</strong></span> <span class='ocrx_word' id='word_1_99' title='bbox 434 1817 501 1860; x_wconf 90' lang='lat' dir='ltr'><strong>rem</strong></span> <span class='ocrx_word' id='word_1_100' title='bbox 527 1818 638 1860; x_wconf 88' lang='lat' dir='ltr'><strong>earum</strong></span> <span class='ocrx_word' id='word_1_101' title='bbox 663 1808 813 1860; x_wconf 85' lang='lat' dir='ltr'><strong>auctores</strong></span> <span class='ocrx_word' id='word_1_102' title='bbox 836 1798 959 1879; x_wconf 91' lang='lat' dir='ltr'><strong>punire.</strong></span> <span class='ocrx_word' id='word_1_103' title='bbox 995 1798 1032 1860; x_wconf 90' lang='lat' dir='ltr'><strong>In</strong></span> <span class='ocrx_word' id='word_1_104' title='bbox 1057 1797 1118 1860; x_wconf 91' lang='lat' dir='ltr'><strong>hac</strong></span> <span class='ocrx_word' id='word_1_105' title='bbox 1140 1806 1250 1860; x_wconf 87' lang='lat' dir='ltr'><strong>autem</strong></span> <span class='ocrx_word' id='word_1_106' title='bbox 1275 1799 1345 1880; x_wconf 90' lang='lat' dir='ltr'><strong>ipsa</strong></span> <span class='ocrx_word' id='word_1_107' title='bbox 1368 1799 1477 1861; x_wconf 89' lang='lat' dir='ltr'><strong>divina</strong></span> 
     </span>
    </p>
   </div>
   <div class='ocr_carea' id='block_1_3' title="bbox 356 1911 1476 1995">
    <p class='ocr_par' dir='ltr' id='par_1_5' title="bbox 356 1911 1476 1995">
     <span class='ocr_line' id='line_1_15' title="bbox 356 1911 1476 1995; baseline 0.002 -23"><span class='ocrx_word' id='word_1_108' title='bbox 356 1911 475 1973; x_wconf 85' lang='lat' dir='ltr'><strong>iustitia</strong></span> <span class='ocrx_word' id='word_1_109' title='bbox 498 1931 536 1973; x_wconf 89' lang='lat' dir='ltr'><strong>ac</strong></span> <span class='ocrx_word' id='word_1_110' title='bbox 559 1911 693 1974; x_wconf 85' lang='lat' dir='ltr'><strong>veritate</strong></span> <span class='ocrx_word' id='word_1_111' title='bbox 717 1911 884 1973; x_wconf 86' lang='lat' dir='ltr'><strong>tractanda</strong></span> <span class='ocrx_word' id='word_1_112' title='bbox 908 1912 1083 1974; x_wconf 88' lang='lat' dir='ltr'><strong>nonnullae</strong></span> <span class='ocrx_word' id='word_1_113' title='bbox 1107 1932 1157 1973; x_wconf 91' lang='lat' dir='ltr'><strong>res</strong></span> <span class='ocrx_word' id='word_1_114' title='bbox 1180 1922 1366 1989; x_wconf 85' lang='lat' dir='ltr'><strong>occurrunt,</strong></span> <span class='ocrx_word' id='word_1_115' title='bbox 1391 1934 1476 1995; x_wconf 90' lang='lat' dir='ltr'><strong>quae</strong></span> 
     </span>
    </p>
   </div>
   <div class='ocr_carea' id='block_1_4' title="bbox 356 2024 1480 2103">
    <p class='ocr_par' dir='ltr' id='par_1_6' title="bbox 356 2024 1480 2103">
     <span class='ocr_line' id='line_1_16' title="bbox 356 2024 1480 2103; baseline 0.001 -18"><span class='ocrx_word' id='word_1_116' title='bbox 356 2024 400 2086; x_wconf 94' lang='lat' dir='ltr'><strong>illi</strong></span> <span class='ocrx_word' id='word_1_117' title='bbox 425 2025 583 2087; x_wconf 86' lang='lat' dir='ltr'><strong>sanctitati</strong></span> <span class='ocrx_word' id='word_1_118' title='bbox 608 2025 790 2088; x_wconf 87' lang='lat' dir='ltr'><strong>obtrectare</strong></span> <span class='ocrx_word' id='word_1_119' title='bbox 813 2024 974 2103; x_wconf 85' lang='lat' dir='ltr'><strong>videntur,</strong></span> <span class='ocrx_word' id='word_1_120' title='bbox 998 2047 1074 2089; x_wconf 92' lang='lat' dir='ltr'><strong>cum</strong></span> <span class='ocrx_word' id='word_1_121' title='bbox 1092 2027 1174 2089; x_wconf 91' lang='lat' dir='ltr'><strong>deus</strong></span> <span class='ocrx_word' id='word_1_122' title='bbox 1189 2027 1289 2089; x_wconf 91' lang='lat' dir='ltr'><strong>modo</strong></span> <span class='ocrx_word' id='word_1_123' title='bbox 1304 2025 1357 2088; x_wconf 86' lang='lat' dir='ltr'><strong>illa</strong></span> <span class='ocrx_word' id='word_1_124' title='bbox 1370 2034 1480 2088; x_wconf 89' lang='lat' dir='ltr'><strong>vetere</strong></span> 
     </span>
    </p>
   </div>
   <div class='ocr_carea' id='block_1_5' title="bbox 355 2340 1480 4290">
    <p class='ocr_par' dir='ltr' id='par_1_7' title="bbox 390 2340 1282 3351">
     <span class='ocr_line' id='line_1_17' title="bbox 392 2340 668 2407; baseline 0 -17"><span class='ocrx_word' id='word_1_125' title='bbox 392 2342 415 2407; x_wconf 86' lang='lat'><strong>1)</strong></span> <span class='ocrx_word' id='word_1_126' title='bbox 431 2342 502 2390; x_wconf 81' lang='lat' dir='ltr'><strong>Pers.</strong></span> <span class='ocrx_word' id='word_1_127' title='bbox 520 2340 668 2390; x_wconf 81' lang='lat'><strong>626-628:</strong></span> 
     </span>
     <span class='ocr_line' id='line_1_18' title="bbox 557 2432 1005 2498; baseline 0.007 -18"><span class='ocrx_word' id='word_1_128' title='bbox 557 2432 628 2480; x_wconf 78' lang='grc' dir='ltr'><strong><em>ἀλλὰ</em></strong></span> <span class='ocrx_word' id='word_1_129' title='bbox 648 2434 755 2495; x_wconf 77' lang='grc' dir='ltr'><strong><em>χθόνιοι</em></strong></span> <span class='ocrx_word' id='word_1_130' title='bbox 773 2433 900 2492; x_wconf 67' lang='grc' dir='ltr'><strong><em>δαίμονος</em></strong></span> <span class='ocrx_word' id='word_1_131' title='bbox 918 2434 1005 2498; x_wconf 68' lang='grc' dir='ltr'><strong><em>ἁγνοί,</em></strong></span> 
     </span>
     <span class='ocr_line' id='line_1_19' title="bbox 557 2522 1127 2594; baseline 0.009 -23"><span class='ocrx_word' id='word_1_132' title='bbox 557 2522 583 2571; x_wconf 92' lang='grc' dir='ltr'><em>Γ</em></span> <span class='ocrx_word' id='word_1_133' title='bbox 582 2530 599 2588; x_wconf 83' lang='grc' dir='ltr'><strong>η’</strong></span> <span class='ocrx_word' id='word_1_134' title='bbox 621 2543 647 2572; x_wconf 75' lang='grc' dir='ltr'><strong>τε</strong></span> <span class='ocrx_word' id='word_1_135' title='bbox 666 2527 710 2572; x_wconf 79' lang='grc' dir='ltr'><strong>καὶ</strong></span> <span class='ocrx_word' id='word_1_136' title='bbox 725 2523 826 2591; x_wconf 76' lang='grc' dir='ltr'><strong><em>Ἐρμῇ,</em></strong></span> <span class='ocrx_word' id='word_1_137' title='bbox 844 2525 961 2584; x_wconf 61' lang='grc' dir='ltr'><strong><em>βασιλεῦ</em></strong></span> <span class='ocrx_word' id='word_1_138' title='bbox 979 2526 1004 2574; x_wconf 82' lang='grc' dir='ltr'><strong>τ’</strong></span> <span class='ocrx_word' id='word_1_139' title='bbox 1022 2528 1127 2594; x_wconf 72' lang='grc' dir='ltr'><strong><em>ἓνόρονν,</em></strong></span> 
     </span>
     <span class='ocr_line' id='line_1_20' title="bbox 556 2615 1099 2683; baseline 0 -20"><span class='ocrx_word' id='word_1_140' title='bbox 556 2615 677 2676; x_wconf 70' lang='grc' dir='ltr'><strong>μέμφοιτ’</strong></span> <span class='ocrx_word' id='word_1_141' title='bbox 697 2615 812 2683; x_wconf 68' lang='grc' dir='ltr'><strong><em>ἔνερθεν</em></strong></span> <span class='ocrx_word' id='word_1_142' title='bbox 832 2622 922 2682; x_wconf 78' lang='grc' dir='ltr'><strong><em>ψυχὴν</em></strong></span> <span class='ocrx_word' id='word_1_143' title='bbox 941 2619 968 2676; x_wconf 80' lang='grc' dir='ltr'><strong>ἒς</strong></span> <span class='ocrx_word' id='word_1_144' title='bbox 986 2621 1043 2676; x_wconf 77' lang='grc' dir='ltr'>φῶς·</span> <span class='ocrx_word' id='word_1_145' title='bbox 1095 2656 1099 2663; x_wconf 93' lang='grc'>.</span> 
     </span>
     <span class='ocr_line' id='line_1_21' title="bbox 390 2720 645 2786; baseline -0.012 0"><span class='ocrx_word' id='word_1_146' title='bbox 390 2722 480 2786; x_wconf 70' lang='lat' dir='ltr'><strong>suppl,</strong></span> <span class='ocrx_word' id='word_1_147' title='bbox 498 2720 645 2785; x_wconf 79' lang='lat'>997-9982</span> 
     </span>
     <span class='ocr_line' id='line_1_22' title="bbox 624 2813 994 2880; baseline 0 -18"><span class='ocrx_word' id='word_1_148' title='bbox 624 2813 714 2862; x_wconf 72' lang='grc' dir='ltr'><strong><em>ἐπίδοι</em></strong></span> <span class='ocrx_word' id='word_1_149' title='bbox 732 2813 759 2861; x_wconf 75' lang='grc' dir='ltr'><strong>δ’</strong></span> <span class='ocrx_word' id='word_1_150' title='bbox 774 2813 903 2880; x_wconf 62' lang='grc' dir='ltr'><strong><em>Ἄρτεμις</em></strong></span> <span class='ocrx_word' id='word_1_151' title='bbox 921 2814 994 2879; x_wconf 79' lang='grc' dir='ltr'><strong><em>ἁγνὰ</em></strong></span> 
     </span>
     <span class='ocr_line' id='line_1_23' title="bbox 624 2905 912 2969; baseline 0 -15"><span class='ocrx_word' id='word_1_152' title='bbox 624 2905 717 2954; x_wconf 73' lang='grc' dir='ltr'><strong><em>στόλον</em></strong></span> <span class='ocrx_word' id='word_1_153' title='bbox 734 2907 912 2969; x_wconf 77' lang='grc' dir='ltr'><strong><em>οἰκτιζομένα,</em></strong></span> 
     </span>
     <span class='ocr_line' id='line_1_24' title="bbox 390 3013 647 3076; baseline 0.008 -17"><span class='ocrx_word' id='word_1_154' title='bbox 390 3013 481 3076; x_wconf 69' lang='lat' dir='ltr'><strong>Agant.</strong></span> <span class='ocrx_word' id='word_1_155' title='bbox 502 3023 647 3074; x_wconf 88' lang='lat'>127-129:</span> 
     </span>
     <span class='ocr_line' id='line_1_25' title="bbox 522 3102 1052 3170; baseline 0.009 -21"><span class='ocrx_word' id='word_1_156' title='bbox 522 3102 581 3167; x_wconf 80' lang='grc' dir='ltr'><strong><em>οἴκῳ</em></strong></span> <span class='ocrx_word' id='word_1_157' title='bbox 599 3104 651 3168; x_wconf 77' lang='grc' dir='ltr'><strong>γὰρ</strong></span> <span class='ocrx_word' id='word_1_158' title='bbox 670 3104 819 3162; x_wconf 72' lang='grc' dir='ltr'><strong><em>ἐπίφθονος</em></strong></span> <span class='ocrx_word' id='word_1_159' title='bbox 834 3102 961 3169; x_wconf 69' lang='grc' dir='ltr'><strong><em>’Ἄρτεμις</em></strong></span> <span class='ocrx_word' id='word_1_160' title='bbox 979 3105 1052 3170; x_wconf 78' lang='grc' dir='ltr'><strong><em>ἁγνά</em></strong></span> 
     </span>
     <span class='ocr_line' id='line_1_26' title="bbox 522 3196 860 3263; baseline 0.003 -21"><span class='ocrx_word' id='word_1_161' title='bbox 522 3201 663 3242; x_wconf 72' lang='grc' dir='ltr'><strong><em>νττανοῑσιν</em></strong></span> <span class='ocrx_word' id='word_1_162' title='bbox 682 3196 740 3243; x_wconf 81' lang='grc' dir='ltr'><strong><em>κυσὶ</em></strong></span> <span class='ocrx_word' id='word_1_163' title='bbox 758 3199 860 3263; x_wconf 78' lang='grc' dir='ltr'><strong><em>πατρὸς</em></strong></span> 
     </span>
     <span class='ocr_line' id='line_1_27' title="bbox 523 3284 1282 3351; baseline 0.004 -20"><span class='ocrx_word' id='word_1_164' title='bbox 523 3285 666 3333; x_wconf 61' lang='grc' dir='ltr'><strong><em>αὐτότοκον</em></strong></span> <span class='ocrx_word' id='word_1_165' title='bbox 685 3285 736 3351; x_wconf 77' lang='grc' dir='ltr'><strong><em>ντρό</em></strong></span> <span class='ocrx_word' id='word_1_166' title='bbox 755 3284 834 3349; x_wconf 78' lang='grc' dir='ltr'><strong><em>λόχον</em></strong></span> <span class='ocrx_word' id='word_1_167' title='bbox 852 3287 970 3351; x_wconf 70' lang='grc' dir='ltr'><strong><em>μογερὰν</em></strong></span> <span class='ocrx_word' id='word_1_168' title='bbox 990 3286 1081 3334; x_wconf 70' lang='grc' dir='ltr'><strong><em>πτάκα</em></strong></span> <span class='ocrx_word' id='word_1_169' title='bbox 1104 3288 1282 3346; x_wconf 70' lang='grc' dir='ltr'><strong><em>θυομένοισιν·</em></strong></span> 
     </span>
    </p>

    <p class='ocr_par' dir='ltr' id='par_1_8' title="bbox 355 3387 1480 3914">
     <span class='ocr_line' id='line_1_28' title="bbox 390 3387 1479 3455; baseline 0.002 -19"><span class='ocrx_word' id='word_1_170' title='bbox 390 3389 415 3453; x_wconf 77' lang='grc'><strong>2)</strong></span> <span class='ocrx_word' id='word_1_171' title='bbox 442 3390 473 3436; x_wconf 88' lang='lat' dir='ltr'><strong>In</strong></span> <span class='ocrx_word' id='word_1_172' title='bbox 499 3389 607 3437; x_wconf 86' lang='lat' dir='ltr'><strong>eandem</strong></span> <span class='ocrx_word' id='word_1_173' title='bbox 633 3387 782 3436; x_wconf 86' lang='lat' dir='ltr'><strong>sententiam</strong></span> <span class='ocrx_word' id='word_1_174' title='bbox 806 3387 946 3450; x_wconf 86' lang='lat' dir='ltr'><strong>Wecklein,</strong></span> <span class='ocrx_word' id='word_1_175' title='bbox 964 3390 1006 3453; x_wconf 93' lang='lat' dir='ltr'><strong>qui</strong></span> <span class='ocrx_word' id='word_1_176' title='bbox 1024 3390 1055 3438; x_wconf 89' lang='lat' dir='ltr'><strong>ad</strong></span> <span class='ocrx_word' id='word_1_177' title='bbox 1074 3406 1098 3439; x_wconf 92' lang='lat' dir='ltr'><strong>v.</strong></span> <span class='ocrx_word' id='word_1_178' title='bbox 1120 3402 1167 3449; x_wconf 90' lang='lat'><strong>140</strong></span> <span class='ocrx_word' id='word_1_179' title='bbox 1184 3396 1298 3438; x_wconf 87' lang='lat' dir='ltr'><strong>annotat:</strong></span> <span class='ocrx_word' id='word_1_180' title='bbox 1323 3390 1411 3455; x_wconf 79' lang='grc' dir='ltr'><strong><em>,,ἁγνή</em></strong></span> <span class='ocrx_word' id='word_1_181' title='bbox 1429 3391 1479 3438; x_wconf 94' lang='lat' dir='ltr'><strong>und</strong></span> 
     </span>
     <span class='ocr_line' id='line_1_29' title="bbox 356 3478 1479 3544; baseline 0.001 -15"><span class='ocrx_word' id='word_1_182' title='bbox 356 3483 444 3530; x_wconf 82' lang='lat' dir='ltr'><strong>darum</strong></span> <span class='ocrx_word' id='word_1_183' title='bbox 470 3481 526 3529; x_wconf 89' lang='lat' dir='ltr'><strong>eine</strong></span> <span class='ocrx_word' id='word_1_184' title='bbox 550 3479 657 3528; x_wconf 89' lang='lat' dir='ltr'><strong>Feindin</strong></span> <span class='ocrx_word' id='word_1_185' title='bbox 681 3479 784 3528; x_wconf 90' lang='lat' dir='ltr'><strong>solchen</strong></span> <span class='ocrx_word' id='word_1_186' title='bbox 800 3478 929 3528; x_wconf 86' lang='lat' dir='ltr'><strong>Grenels.”</strong></span> <span class='ocrx_word' id='word_1_187' title='bbox 956 3480 1017 3528; x_wconf 93' lang='lat' dir='ltr'><strong>Non</strong></span> <span class='ocrx_word' id='word_1_188' title='bbox 1032 3481 1108 3544; x_wconf 90' lang='lat' dir='ltr'><strong>igitur</strong></span> <span class='ocrx_word' id='word_1_189' title='bbox 1127 3481 1267 3530; x_wconf 85' lang='lat' dir='ltr'><strong>Klausenio</strong></span> <span class='ocrx_word' id='word_1_190' title='bbox 1285 3482 1397 3530; x_wconf 91' lang='lat' dir='ltr'><strong>concedo</strong></span> <span class='ocrx_word' id='word_1_191' title='bbox 1415 3481 1479 3530; x_wconf 89' lang='lat' dir='ltr'><strong>illud</strong></span> 
     </span>
     <span class='ocr_line' id='line_1_30' title="bbox 355 3570 1480 3638; baseline 0 -18"><span class='ocrx_word' id='word_1_192' title='bbox 355 3573 428 3638; x_wconf 76' lang='grc' dir='ltr'><strong><em>ἁγνὰ</em></strong></span> <span class='ocrx_word' id='word_1_193' title='bbox 444 3574 476 3622; x_wconf 86' lang='lat' dir='ltr'><strong>ad</strong></span> <span class='ocrx_word' id='word_1_194' title='bbox 486 3572 584 3621; x_wconf 89' lang='lat' dir='ltr'><strong>Dianae</strong></span> <span class='ocrx_word' id='word_1_195' title='bbox 593 3570 764 3635; x_wconf 88' lang='lat' dir='ltr'><strong>virginitatem</strong></span> <span class='ocrx_word' id='word_1_196' title='bbox 773 3576 885 3635; x_wconf 88' lang='lat' dir='ltr'><strong>spectare</strong></span> <span class='ocrx_word' id='word_1_197' title='bbox 893 3570 994 3637; x_wconf 83' lang='lat' dir='ltr'><strong>(Theoi.</strong></span> <span class='ocrx_word' id='word_1_198' title='bbox 1005 3588 1030 3636; x_wconf 92' lang='lat' dir='ltr'><strong>p.</strong></span> <span class='ocrx_word' id='word_1_199' title='bbox 1037 3570 1088 3636; x_wconf 87' lang='lat'><strong>99).</strong></span> <span class='ocrx_word' id='word_1_200' title='bbox 1106 3572 1172 3620; x_wconf 87' lang='lat' dir='ltr'><strong>Nam</strong></span> <span class='ocrx_word' id='word_1_201' title='bbox 1183 3572 1305 3634; x_wconf 83' lang='lat' dir='ltr'><strong>Minerva,</strong></span> <span class='ocrx_word' id='word_1_202' title='bbox 1315 3572 1370 3636; x_wconf 87' lang='lat' dir='ltr'><strong>ipsa</strong></span> <span class='ocrx_word' id='word_1_203' title='bbox 1380 3587 1480 3635; x_wconf 89' lang='lat' dir='ltr'><strong>quoque</strong></span> 
     </span>
     <span class='ocr_line' id='line_1_31' title="bbox 355 3662 1478 3731; baseline -0.004 -17"><span class='ocrx_word' id='word_1_204' title='bbox 355 3666 433 3731; x_wconf 84' lang='lat' dir='ltr'><strong>virgo,</strong></span> <span class='ocrx_word' id='word_1_205' title='bbox 451 3680 502 3713; x_wconf 92' lang='lat' dir='ltr'><strong>non</strong></span> <span class='ocrx_word' id='word_1_206' title='bbox 520 3663 592 3728; x_wconf 79' lang='grc' dir='ltr'><strong><em>ἁγνὰ</em></strong></span> <span class='ocrx_word' id='word_1_207' title='bbox 610 3663 707 3722; x_wconf 78' lang='lat' dir='ltr'><strong>dicitur,</strong></span> <span class='ocrx_word' id='word_1_208' title='bbox 722 3662 807 3712; x_wconf 86' lang='lat' dir='ltr'><strong>matris</strong></span> <span class='ocrx_word' id='word_1_209' title='bbox 825 3663 965 3727; x_wconf 84' lang='lat' dir='ltr'><strong>Oedipodis</strong></span> <span class='ocrx_word' id='word_1_210' title='bbox 983 3672 1075 3726; x_wconf 83' lang='lat' dir='ltr'><strong>contra,</strong></span> <span class='ocrx_word' id='word_1_211' title='bbox 1093 3678 1158 3728; x_wconf 87' lang='lat' dir='ltr'><strong>quae</strong></span> <span class='ocrx_word' id='word_1_212' title='bbox 1175 3679 1226 3711; x_wconf 92' lang='lat' dir='ltr'><strong>non</strong></span> <span class='ocrx_word' id='word_1_213' title='bbox 1244 3670 1296 3712; x_wconf 88' lang='lat' dir='ltr'><strong>erat</strong></span> <span class='ocrx_word' id='word_1_214' title='bbox 1314 3664 1393 3727; x_wconf 89' lang='lat' dir='ltr'><strong>virgo,</strong></span> <span class='ocrx_word' id='word_1_215' title='bbox 1405 3662 1478 3726; x_wconf 79' lang='grc' dir='ltr'><strong><em>ἁγνὰ</em></strong></span> 
     </span>
     <span class='ocr_line' id='line_1_32' title="bbox 355 3753 1479 3825; baseline -0.004 -19"><span class='ocrx_word' id='word_1_216' title='bbox 355 3757 455 3825; x_wconf 76' lang='grc' dir='ltr'><strong><em>ἄρουρα</em></strong></span> <span class='ocrx_word' id='word_1_217' title='bbox 473 3756 549 3805; x_wconf 84' lang='lat' dir='ltr'><strong>fuisse</strong></span> <span class='ocrx_word' id='word_1_218' title='bbox 564 3755 666 3805; x_wconf 83' lang='lat' dir='ltr'><strong>dicitur.</strong></span> <span class='ocrx_word' id='word_1_219' title='bbox 683 3753 841 3819; x_wconf 86' lang='lat' dir='ltr'><strong>Quamquam</strong></span> <span class='ocrx_word' id='word_1_220' title='bbox 856 3756 924 3804; x_wconf 89' lang='lat' dir='ltr'><strong>haud</strong></span> <span class='ocrx_word' id='word_1_221' title='bbox 939 3770 1004 3820; x_wconf 88' lang='lat' dir='ltr'><strong>nego</strong></span> <span class='ocrx_word' id='word_1_222' title='bbox 1019 3755 1067 3804; x_wconf 91' lang='lat' dir='ltr'><strong>hoc</strong></span> <span class='ocrx_word' id='word_1_223' title='bbox 1083 3771 1222 3819; x_wconf 87' lang='lat' dir='ltr'><strong>cognomen</strong></span> <span class='ocrx_word' id='word_1_224' title='bbox 1239 3762 1323 3810; x_wconf 77' lang='lat' dir='ltr'><strong>..casto</strong></span> <span class='ocrx_word' id='word_1_225' title='bbox 1333 3753 1479 3819; x_wconf 84' lang='lat' dir='ltr'><strong>frigidoque</strong></span> 
     </span>
     <span class='ocr_line' id='line_1_33' title="bbox 355 3846 848 3914; baseline -0.008 -15"><span class='ocrx_word' id='word_1_226' title='bbox 355 3851 429 3899; x_wconf 86' lang='lat' dir='ltr'><strong>lunae</strong></span> <span class='ocrx_word' id='word_1_227' title='bbox 446 3847 589 3914; x_wconf 78' lang='lat' dir='ltr'><strong>splendori’</strong></span> <span class='ocrx_word' id='word_1_228' title='bbox 606 3847 730 3912; x_wconf 85' lang='lat' dir='ltr'><strong>originem</strong></span> <span class='ocrx_word' id='word_1_229' title='bbox 747 3846 848 3895; x_wconf 85' lang='lat' dir='ltr'><strong>debere.</strong></span> 
     </span>
    </p>

    <p class='ocr_par' dir='ltr' id='par_1_9' title="bbox 389 3940 577 4007">
     <span class='ocr_line' id='line_1_34' title="bbox 389 3940 577 4007; baseline -0.005 -17"><span class='ocrx_word' id='word_1_230' title='bbox 389 3940 414 4007; x_wconf 85' lang='lat'><strong>3)</strong></span> <span class='ocrx_word' id='word_1_231' title='bbox 432 3941 512 3990; x_wconf 87' lang='lat' dir='ltr'><strong>Eum.</strong></span> <span class='ocrx_word' id='word_1_232' title='bbox 533 3954 577 4003; x_wconf 86' lang='lat'><strong>19:</strong></span> 
     </span>
    </p>

    <p class='ocr_par' dir='ltr' id='par_1_10' title="bbox 606 4028 1189 4097">
     <span class='ocr_line' id='line_1_35' title="bbox 606 4028 1189 4097; baseline -0.007 -19"><span class='ocrx_word' id='word_1_233' title='bbox 606 4031 670 4088; x_wconf 84' lang='grc' dir='ltr'><strong><em>Διὸς</em></strong></span> <span class='ocrx_word' id='word_1_234' title='bbox 688 4033 826 4097; x_wconf 72' lang='grc' dir='ltr'><strong><em>προφήτης</em></strong></span> <span class='ocrx_word' id='word_1_235' title='bbox 843 4028 870 4077; x_wconf 76' lang='grc' dir='ltr'><strong>δ’</strong></span> <span class='ocrx_word' id='word_1_236' title='bbox 886 4030 944 4078; x_wconf 79' lang='grc' dir='ltr'><strong><em>ἐστὶ</em></strong></span> <span class='ocrx_word' id='word_1_237' title='bbox 962 4029 1061 4086; x_wconf 73' lang='grc' dir='ltr'><strong><em>Λοξίας</em></strong></span> <span class='ocrx_word' id='word_1_238' title='bbox 1078 4028 1189 4095; x_wconf 77' lang='grc' dir='ltr'><strong><em>πατρός.</em></strong></span> 
     </span>
    </p>

    <p class='ocr_par' dir='ltr' id='par_1_11' title="bbox 389 4132 1474 4200">
     <span class='ocr_line' id='line_1_36' title="bbox 389 4132 1474 4200; baseline -0.002 -18"><span class='ocrx_word' id='word_1_239' title='bbox 389 4137 415 4200; x_wconf 85' lang='grc'><strong>4)</strong></span> <span class='ocrx_word' id='word_1_240' title='bbox 433 4137 483 4184; x_wconf 89' lang='lat' dir='ltr'><strong>Aut</strong></span> <span class='ocrx_word' id='word_1_241' title='bbox 499 4135 589 4200; x_wconf 88' lang='lat' dir='ltr'><strong>potius,</strong></span> <span class='ocrx_word' id='word_1_242' title='bbox 607 4136 674 4199; x_wconf 91' lang='lat' dir='ltr'><strong>quod</strong></span> <span class='ocrx_word' id='word_1_243' title='bbox 692 4141 774 4183; x_wconf 88' lang='lat' dir='ltr'><strong>tamen</strong></span> <span class='ocrx_word' id='word_1_244' title='bbox 793 4135 883 4183; x_wconf 89' lang='lat' dir='ltr'><strong>eodem</strong></span> <span class='ocrx_word' id='word_1_245' title='bbox 901 4132 974 4193; x_wconf 87' lang='lat' dir='ltr'><strong>redit,</strong></span> <span class='ocrx_word' id='word_1_246' title='bbox 993 4149 1080 4183; x_wconf 89' lang='lat' dir='ltr'><strong>eorum</strong></span> <span class='ocrx_word' id='word_1_247' title='bbox 1097 4134 1214 4183; x_wconf 86' lang='lat' dir='ltr'><strong>sanctitas</strong></span> <span class='ocrx_word' id='word_1_248' title='bbox 1230 4134 1366 4199; x_wconf 89' lang='lat' dir='ltr'><strong>periclitari</strong></span> <span class='ocrx_word' id='word_1_249' title='bbox 1384 4133 1474 4182; x_wconf 82' lang='lat' dir='ltr'><strong>dicitur</strong></span> 
     </span>
    </p>

    <p class='ocr_par' dir='ltr' id='par_1_12' title="bbox 355 4226 634 4290">
     <span class='ocr_line' id='line_1_37' title="bbox 355 4226 634 4290; baseline 0.007 -15"><span class='ocrx_word' id='word_1_250' title='bbox 355 4242 370 4275; x_wconf 90' lang='lat' dir='ltr'><strong>a</strong></span> <span class='ocrx_word' id='word_1_251' title='bbox 388 4226 457 4275; x_wconf 89' lang='lat' dir='ltr'><strong>Diris</strong></span> <span class='ocrx_word' id='word_1_252' title='bbox 474 4228 554 4279; x_wconf 82' lang='lat' dir='ltr'><strong>Eum.</strong></span> <span class='ocrx_word' id='word_1_253' title='bbox 572 4228 634 4290; x_wconf 89' lang='lat'>706:</span> 
     </span>
    </p>
   </div>
   <div class='ocr_carea' id='block_1_6' title="bbox 555 4319 1187 4384">
    <p class='ocr_par' dir='ltr' id='par_1_13' title="bbox 555 4319 1187 4384">
     <span class='ocr_line' id='line_1_38' title="bbox 555 4319 1187 4384; baseline 0.002 -18"><span class='ocrx_word' id='word_1_254' title='bbox 555 4328 670 4379; x_wconf 67' lang='grc' dir='ltr'><strong><em>μαντεῖα</em></strong></span> <span class='ocrx_word' id='word_1_255' title='bbox 690 4319 716 4366; x_wconf 76' lang='grc' dir='ltr'><strong>δ’</strong></span> <span class='ocrx_word' id='word_1_256' title='bbox 735 4320 828 4368; x_wconf 70' lang='lat' dir='ltr'><strong>oeucti’</strong></span> <span class='ocrx_word' id='word_1_257' title='bbox 846 4319 919 4384; x_wconf 79' lang='grc' dir='ltr'><strong><em>ἁγνὰ</em></strong></span> <span class='ocrx_word' id='word_1_258' title='bbox 937 4320 1076 4384; x_wconf 66' lang='grc' dir='ltr'><strong><em>μαντεῖ’·σῃ</em></strong></span> <span class='ocrx_word' id='word_1_259' title='bbox 1098 4319 1187 4378; x_wconf 71' lang='grc' dir='ltr'><strong><em>νέμων.</em></strong></span> 
     </span>
    </p>
   </div>
   <div class='ocr_carea' id='block_1_7' title="bbox 0 0 1562 4822">
    <p class='ocr_par' dir='ltr' id='par_1_14' title="bbox 0 0 1562 4822">
     <span class='ocr_line' id='line_1_39' title="bbox 0 0 1562 4822; baseline 0 0"><span class='ocrx_word' id='word_1_260' title='bbox 0 0 1562 4822; x_wconf 95' lang='lat' dir='ltr'><strong> </strong></span> 
     </span>
    </p>
   </div>
  </div>
 </body>
</html>
