3074 4808
738 301 797 361 107

248 471 286 532 In
311 469 435 550 Septem
458 468 555 546 mala,
580 469 699 552 quibus
723 468 874 532 Eteocles
887 477 919 532 et
931 469 1105 553 Polynices
1123 469 1229 532 affecti
1242 478 1327 546 sunt,

203 605 222 645 a
247 584 327 646 love
355 583 394 645 iis
409 582 492 646 'data
516 603 588 646 esse
611 583 765 645 dicuntur
787 583 854 666 (vv.
877 569 1083 663 922--923):

291 699 349 757 [Σ.
397 693 502 778 έχουσι
526 680 640 776 μοῖραν
664 692 828 776 λαχόντες,
852 684 911 781 [ὦ]
934 691 1049 775 μέλεοι,

399 805 574 871 διοσδότων
589 805 714 891 άχέων·

247 923 331 987 Item
367 925 399 986 in
433 924 554 1004 Agam.
588 922 667 994 Ζεάς
703 932 762 1001 est,
797 924 854 1005 qui
891 922 985 986 Atrei
1020 921 1105 985 lilios
1139 921 1181 985 ad
1204 921 1329 984 bellum

203 1038 362 1100 adversus
398 1038 549 1101 Paridem
585 1038 740 1101 excitavit
777 1057 884 1119 eoque
918 1038 989 1119 ipso
1023 1036 1111 1100 bello
1140 1035 1274 1121 Graecis
1297 1044 1330 1098 et

202 1152 350 1215 Troianis
373 1160 484 1238 tantas
503 1151 703 1214 calamitates
727 1150 834 1214 intulit
857 1151 920 1234 (v'v.
944 1149 1106 1235 60-68):

425 1262 509 1325 οὕτω
532 1261 562 1327 δ’
583 1262 721 1346 Ἀτρέως
743 1260 863 1335 παῖδας
886 1266 905 1326 ό
927 1262 1079 1345 κρείσσων

423 1379 475 1440 ἐπ’
496 1374 696 1459 Ἀλεξάνδρῳ
721 1375 840 1458 πέμπει
865 1375 965 1451 ξένιος

426 1493 518 1570 Ζευς,
542 1483 844 1573 πολυάνοροςόοέμφί
867 1493 1016 1569 γυναικός

426 1601 532 1667 πολλά
557 1602 770 1685 παλαίσματα
794 1607 846 1666 καί
869 1607 1021 1690 γυιοβαρῆ

425 1722 558 1795 γόνατος
581 1719 736 1782 κονίαισιν
761 1716 955 1801 ἐρειδομένου

425 1828 666 1915 διακναιομένης
690 1837 720 1894 τ’
745 1835 777 1896 ἐν
802 1831 999 1915 προτελείοις

426 1949 565 2026 κάμακος
589 1951 700 2026 θήσων
726 1948 904 2009 Δαναοῖσιν

430 2061 536 2141 Τρωσί
558 2061 593 2121 θ’
617 2061 739 2142 ὁμοίως.
765 2061 832 2124 ἔστι
857 2059 886 2125 δ’
908 2062 971 2148 ὅπῃ
996 2069 1053 2124 νυν

348 2213 350 2218 .
425 2174 504 2237 ἔστι·
529 2168 668 2238 τελεῖται
693 2175 722 2239 δ’
745 2200 776 2251 ες
799 2179 836 2239 τό
859 2174 1079 2259 πεπρωμένον·

250 2289 292 2352 Et
326 2310 438 2352 rursus
472 2291 504 2352 in
543 2289 674 2371 Οάυέγά.
708 2290 842 2355 Orestes
876 2293 963 2355 lovis
999 2281 1134 2354 oraculo'
1163 2289 1205 2352 ad
1228 2287 1328 2370 patris

205 2402 360 2466 ultionem
384 2405 557 2486 instigatur
581 2405 687 2489 (Eum.
711 2404 918 2490 612-614):

360 2517 450 2594 Ζειίς,
474 2517 516 2590 ώς
540 2514 640 2595 λέγεις
663 2520 712 2596 συ,
736 2515 828 2580 τόνδε
852 2521 990 2601 χρησμόν
1014 2521 1134 2600 ιόπασε,

361 2629 492 2711 φράζειν
517 2627 653 2716 Ὀρέστῃ
678 2630 757 2712 τῷδε
782 2632 838 2692 τόν
862 2634 985 2713 πατρός
1007 2635 1104 2710 φόνον

361 2743 533 2824 πράξαντα
555 2747 671 2826 μητρός
693 2742 838 2827 μηδαμοῦ
863 2747 957 2826 τιμάς
981 2741 1103 2825 νέμεινς
1132 2744 1160 2826 1)

204 2860 260 2940 qui
302 2859 420 2922 deinde
453 2861 487 2922 in
520 2860 614 2926 Eum.
648 2882 667 2924 a
702 2861 764 2923 diis
798 2881 906 2943 poena
940 2860 1093 2942 malaque
1129 2857 1327 2920 conscientia

204 2972 367 3039 liberatur.
405 2974 483 3036 Non
507 2975 599 3037 aliter
622 2995 674 3037 res
697 2997 733 3038 se
756 2974 855 3039 habet
877 2977 908 3038 in
933 2973 1057 3056 Suppl„
1083 2975 1136 3038 ubi
1161 2971 1327 3036 Danaides

202 3106 297 3149 suam
320 3066 458 3151 salutem
482 3089 524 3151 ab
549 3089 627 3152 Iove
651 3098 767 3171 petunt
790 3088 859 3174 (vv.
885 3089 1092 3171 507—511):

426 3199 512 3275 ἄναξ
534 3201 698 3280 άνάκτων,
721 3205 873 3283 μακάρων

425 3319 612 3398 μακάρτατε
638 3317 691 3379 καί
715 3313 831 3379 τελέων

425 3426 629 3492 τελειότατον
655 3433 780 3512 κράτος,
803 3427 890 3515 ὄλβιε
913 3433 986 3507 Ζεῦ,

427 3548 529 3608 πιθοῦ
554 3567 588 3605 τε
613 3546 666 3605 καί
688 3541 832 3622 γενέσθω

427 3652 562 3718 ἄλευσον
587 3655 714 3738 ἀνδρῶν
740 3657 831 3742 όβριν
855 3647 890 3718 εὖ
914 3659 1082 3734 στυγήσας·

203 3778 440 3852 acceptamque
448 3771 584 3834 Danaus
595 3773 624 3835 ei
638 3772 765 3836 tribuit:
779 3771 859 3844 Ζεός
871 3769 900 3833 δ’
911 3769 1081 3851 ἐπέκρανεν
1095 3765 1327 3848 τέλος(ν.6ο4).

240 3979 263 4045 1)
280 3980 438 4045 Quamquam
456 3980 524 4029 enim
544 3980 671 4045 Apollinis
687 3981 816 4031 oraculum
832 3987 877 4045 est,
895 3980 1016 4031 hic.deus
1031 3980 1096 4030 nihil
1112 3979 1260 4029 vaticinatur
1278 3978 1326 4027 nisi

203 4070 273 4121 I'ovis
290 4071 364 4134 iussu,
383 4088 424 4120 vv.
442 4071 589 4122 606-608:

436 4162 570 4214 οὐπώποτ’
588 4155 662 4212 εἶπον
680 4165 892 4223 nummulamis
912 4164 1031 4231 θρόνοις,

436 4256 482 4304 ουκ
500 4253 611 4321 ἀνδρός,
629 4256 659 4305 οὐ
677 4254 812 4319 γυναικός,
830 4257 861 4305 οὐ
878 4254 980 4313 πόλεως
997 4256 1068 4323 πέρι,

438 4346 451 4394 ὃ
468 4349 505 4411 μὴ
524 4345 647 4396 κελεύσαι
664 4346 736 4405 Ζευς
754 4345 910 4406 Ὀλυμπίων
927 4349 1028 4414 πατὴρ.
