3106 4822
866 278 925 339 144

377 446 472 527 Quae
484 449 594 509 onmia
608 455 642 508 ut
655 449 766 528 paucis
781 446 888 509 verbis
901 446 1196 529 comprehendam:
1210 447 1348 509 Aesch
1358 447 1399 528 yl
1412 470 1430 508 u
1443 469 1460 509 s

332 582 410 622 non
435 582 570 643 capax
593 563 673 623 suit
698 562 831 624 ullius
856 564 1047 625 notionis
1072 562 1137 625 dei
1158 563 1237 624 nisi
1258 563 1354 636 eiua,
1376 583 1462 644 qua

332 695 488 736 summa
523 675 691 737 iustitia
722 676 983 750 continetur,
1008 677 1051 737 ita
1075 684 1109 738 ut
1131 682 1248 757 po'etae
1272 675 1332 756 ipsi
1355 675 1461 738 verba

331 787 474 849 tribuere
497 788 600 864 liceat,
625 809 708 869 quae
734 789 803 869 ipse
828 788 1069 875 Prometheum,
1094 789 1243 870 quamvis
1266 788 1330 850 alio
1345 809 1459 864 sensu,

272 980 274 984 ρ
332 901 520 983 loquentem
543 901 618 963 secit
643 902 744 963 From.
775 902 965 982 189—190:
991 895 1061 963 οἶδα
1083 901 1132 962 ὅτι
1163 952 1170 966 .
1197 952 1204 966 .
1231 905 1459 982 ,παρ’ἑαυτᾲ)

332 1016 368 1074 τὸ
414 1012 537 1075 δίκαιον
585 1012 667 1095 ἔχων
714 1017 802 1085 Zau.
859 1016 951 1076 Deus
997 1017 1083 1077 eninr
1126 1014 1334 1097 Aeschyleus
1377 1016 1460 1079 facit

331 1129 465 1212 aliquid,
500 1149 565 1191 non
601 1130 691 1210 quod
727 1130 772 1191 ita
806 1131 912 1192 iacere
947 1131 1069 1191 iustum
1094 1131 1145 1206 sit,
1168 1129 1225 1191 sed
1250 1130 1371 1192 iustum
1396 1139 1457 1205 est,

331 1243 408 1324 quia
432 1242 578 1324 Iuppiter
601 1242 665 1305 hoc
689 1243 773 1305 facit.

376 1468 483 1551 Supra
518 1471 585 1531 dixi
623 1471 674 1532 dei
709 1473 912 1534 sanctitatem
949 1473 1047 1534 etiam
1072 1471 1148 1533 inde
1171 1490 1337 1552 apparere,
1363 1470 1456 1552 quod

332 1585 413 1646 deus
449 1605 550 1645 verax
574 1583 741 1647 habeatur.
768 1585 863 1665 Quae
886 1586 997 1647 divina
1021 1586 1139 1648 veritas
1164 1585 1277 1667 (quam
1301 1583 1451 1665 theologi

250 1784 254 1791 ι
331 1699 540 1760 veracitatem
575 1697 751 1778 appellant)
787 1700 820 1759 in
855 1719 895 1760 eo
930 1700 990 1761 sita
1013 1707 1072 1773 est,
1097 1698 1187 1779 quod
1211 1696 1265 1759 dei
1289 1696 1384 1772 dicta,
1410 1697 1453 1758 ad

332 1833 416 1893 quae
451 1812 583 1874 oracula
618 1821 650 1874 et
685 1812 838 1874 vaticinia
868 1823 899 1875 ct
923 1813 1052 1882 somnia
1075 1820 1151 1874 sunt
1174 1810 1352 1887 referenda,
1375 1831 1479 1873 cum·

268 1959 269 1962 ¹
333 1926 424 1987 sactis
459 1927 528 1987 eius
559 1927 775 1989 consentiunt.
800 1927 945 1988 Decius
970 1926 1085 2009 (Iovis)
1111 1925 1344 1987 dictisveritas
1368 1917 1454 1986 affir-

334 2048 439 2101 matur
462 2061 481 2102 a
506 2040 672 2102 Mercurio
695 2041 798 2104 Ρνοαι.
828 2058 1062 2120 1031-1032:

512 2150 719 2234 ψευδηγορεῖν
744 2156 803 2234 γὰρ
827 2152 881 2214 οὐκ
907 2153 1079 2214 ἐπίσταται
1103 2156 1203 2231 στόμα

510 2268 546 2327 τὸ
571 2269 660 2344 Δῖον,
685 2264 769 2329 ἀλλὰ
794 2272 861 2328 πᾶν
886 2266 962 2338 ἔπος
987 2266 1081 2345 celei,

333 2380 453 2462 quibus
476 2380 584 2442 verbis
609 2379 728 2443 chorus
751 2382 925 2443 assentitur
948 2402 1000 2444 vv.
1030 2382 1257 2459 1035-1038.
1277 2378 1305 2459 1)

378 2493 479 2574 Quod
514 2494 556 2555 ad
592 2494 800 2556 oraculorum
836 2505 868 2557 et
902 2495 1128 2557 vaticiniorum
1163 2493 1341 2566 veritatem,
1374 2491 1456 2554 hacc

328 2609 478 2689 ⁴primum
514 2629 556 2671 ex
580 2628 619 2670 eo
642 2617 787 2688 apparet,
812 2609 902 2689 quod
926 2609 959 2670 in
983 2606 1142 2688 Aeschyli
1167 2607 1342 2689 tragoediis
1367 2605 1456 2668 nulla

332 2745 393 2801 reS,
418 2744 502 2805 quae
525 2721 662 2784 alieuius
685 2723 834 2785 videatur
858 2722 1026 2796 momenti,
1048 2723 1224 2803 peragitur,
1250 2722 1327 2802 quin
1341 2740 1456 2782 oracu-

333 2837 401 2898 lum
436 2835 625 2898 consulatur
649 2844 704 2897 aut
728 2836 904 2897 divinando
929 2837 980 2897 dei
1005 2834 1155 2898 voluntas
1180 2834 1380 2917 exquiratur.
1420 2832 1454 2894 Si

333 2953 420 3012 eninr
444 2952 518 3013 Deo
542 2952 711 3014 veritatem
735 2951 948 3030 denegamus
973 2950 1029 3031 qui
1048 2950 1117 3010 eius
1131 2948 1270 3011 oraculis
1282 2956 1339 3009 aut
1351 2946 1455 3026 signis

333 3065 465 3126 credere
499 3069 697 3145 possumus?
734 3064 932 3126 Divinationi
969 3063 1058 3125 nulla
1082 3062 1161 3124 fides
1186 3061 1369 3136 haberetur,
1394 3059 1454 3121 nisi

334 3177 482 3238 homines
517 3185 668 3258 putarent
700 3177 799 3238 deum
830 3177 873 3250 id,
898 3176 990 3258 quod
1014 3197 1072 3257 per
1096 3176 1206 3237 omina
1229 3150 1455 3256 significasset,

334 3311 446 3353 revera
469 3290 690 3373 perfecturum
713 3311 793 3353 esse.
818 3289 1024 3371 Aeschylum
1041 3299 1151 3352 autem
1164 3309 1318 3370 magnam
1332 3288 1454 3350 divina·

333 3407 411 3468 tioni
442 3406 668 3467 auctoritatem
693 3405 834 3466 tribuere
858 3405 932 3465 inde
955 3412 1099 3485 apparet,
1124 3403 1213 3484 quod
1238 3401 1453 3464 Prometheus

336 3532 395 3540 ——-

334 3593 409 3640 modo
427 3592 541 3641 homines
557 3600 621 3654 sunt,
638 3592 713 3639 modo
731 3591 832 3640 bestiae.
852 3591 891 3637 De
908 3606 958 3653 quo
976 3605 1045 3638 more
1060 3588 1126 3652 apud
1137 3588 1246 3636 Graecos
1255 3600 1354 3651 quoque
1363 3583 1453 3632 usitato

334 3683 391 3731 vide
418 3684 533 3747 Lasauh,
559 3684 607 3731 Die
631 3683 772 3746 Sithnopser
796 3683 840 3730 ‹ler
864 3681 988 3730 Griechen
1007 3681 1058 3728 und
1077 3681 1169 3728 Rorner
1188 3680 1237 3728 und
1253 3679 1292 3726 ihr
1310 3675 1455 3726 Verhttltnis

333 3791 363 3822 zu
388 3775 447 3822 dem
465 3773 538 3822 einen
557 3773 601 3821 auf
616 3774 752 3834 Golgotha,
770 3773 908 3837 Wurzburg
929 3774 1000 3833 1841.
1017 3799 1051 3809 —
1068 3772 1099 3819 ln
1117 3771 1237 3835 Aeschyli
1254 3771 1341 3818 From.
1359 3766 1456 3816 Chiron

334 3866 390 3914 huic
417 3865 452 3913 rei
479 3867 630 3913 documento
655 3872 699 3923 est,
717 3865 743 3912 in
760 3866 850 3929 ligram.
868 3865 944 3913 verba
962 3863 1075 3932 Aegisthi
1092 3864 1141 3926 [vv.
1162 3859 1343 3927 1548-1582).
1378 3858 1455 3920 Quod

335 3957 383 4004 nisi
401 3957 435 4004 ita
452 3963 522 4015 esset,
541 3956 583 4020 qui
601 3956 714 4004 Christus
731 3973 776 4020 pro
794 3957 883 4005 nostris
902 3956 1008 4021 peccatis
1025 3957 1166 4006 satisfacere
1183 3955 1319 4021 potuisset?

371 4046 393 4111 1)
469 4046 531 4093 XO.
566 4049 629 4111 ἡμῖν
646 4067 696 4106 μεν
711 4045 817 4113 (Ερμῆς
834 4067 879 4095 orn
897 4048 994 4114 ἄκαιρα
1014 4051 1136 4105 φαίνεται

569 4138 665 4202 λέγειν·
685 4138 769 4202 dvuye
790 4138 841 4203 γάρ
861 4157 886 4187 oa
910 4144 957 4203 riu
976 4138 1124 4188 αὐθαδίαν

568 4231 681 4288 μεθέντ’
701 4232 814 4296 ἐρευνᾶν
836 4235 883 4294 τὴν
902 4236 983 4296 σοφὴν
1002 4231 1156 4291 αἶρὀυλίαν.

568 4322 662 4369 sirloc·
683 4325 748 4388 σοφῷ
767 4323 818 4387 γὰρ
838 4326 947 4388 αἰσχρὸν
965 4325 1169 4390 ἐξαμαρῑάιαιν.
