3106 4822
718 317 757 384 17

373 484 397 553 ὦ
422 490 485 564 όῖο,ἱ
509 494 609 571 αἰθὴρ
634 492 686 551 καὶ
711 495 914 572 ταχύπτεροι,
931 489 1042 568 πνοαί,

374 595 529 672 ποταμῶν
555 616 589 653 τε
615 591 728 672 πηγαί,
753 591 897 652 ποντίων
922 614 955 652 τι
980 596 1131 671 κυμάτων

372 698 552 775 ἀνήριθμον
577 691 732 773 γέλασμα,
757 698 926 774 παμμῆτόρ
951 717 984 754 τι
1010 699 1059 773 μῆ,

375 800 426 857 καὶ
450 800 506 858 τόν
532 800 706 876 πανόπτην
731 792 845 858 κύκλον
870 793 961 876 η’λίον
985 793 1083 856 καλόν

375 896 484 958 thoul
508 903 540 977 μ’
563 893 614 959 οἶα
639 901 716 977 πρὸς
743 899 827 957 urar
853 900 969 979 πάσχω
994 901 1076 968 θεὸς.

377 996 535 1080 δέρχθηθ’
558 999 639 1072 οἵαις
664 999 820 1060 αἰκίαιοιν

373 1099 613 1180 ιλιακναιόμινο,ὶ
637 1103 693 1162 τόν
716 1106 848 1182 μυριετῆι

376 1205 488 1284 χρόνον
513 1200 675 1265 ueterum.

219 1317 320 1398 Quod
354 1325 465 1379 autem
500 1318 542 1380 ad
576 1339 645 1394 eos,
684 1318 739 1399 qui
775 1325 934 1398 tanquam
970 1317 1013 1378 dii
1045 1316 1246 1378 inducuntur
1269 1320 1304 1378 et

173 1438 362 1506 tractantur,
405 1432 564 1493 memoria
597 1431 777 1493 tenendum
813 1439 862 1492 est
896 1428 1104 1511 Aeschylum
1139 1431 1301 1492 interdum

173 1545 234 1607 sibi
269 1547 378 1626 ipsum
413 1545 493 1606 deos
529 1545 748 1625 excogitasse,
785 1552 820 1605 ut
854 1564 881 1606 e.
918 1564 967 1624 gr.
1002 1552 1131 1606 constat
1165 1544 1206 1605 de
1237 1545 1300 1606 deo

178 1657 433 1740 AmphidromO,
462 1658 492 1740 1)
517 1658 603 1720 unde
625 1666 725 1740 patet,
751 1677 851 1739 quam
874 1657 966 1738 parvi
982 1655 1171 1739 Aeschylus
1185 1678 1300 1720 omnes

173 1772 248 1834 illos
271 1754 536 1834 'innumerabiles
571 1773 652 1834 deos
687 1772 831 1848 duceret,
867 1791 942 1833 cum
967 1791 1070 1833 unum
1094 1772 1193 1833 deum
1218 1771 1300 1834 mul-

173 1885 303 1949 titudini
334 1906 448 1947 eorum
480 1886 600 1947 addere
624 1893 681 1947 aut
704 1885 848 1946 adimere
871 1904 937 1946 non
962 1883 1102 1947 multum
1128 1885 1243 1947 referre
1271 1888 1300 1962 ei

177 2000 350 2063 videretur.
365 1998 466 2079 Quod
481 1999 622 2080 denique
634 1999 676 2061 ad
688 1997 740 2060 dci
750 2019 881 2075 nomen,
896 2018 962 2079 quo
976 2007 1108 2061 ornatae
1122 2008 1197 2062 sunt
1210 2021 1237 2062 e.
1252 2021 1300 2081 gr.

173 2118 308 2195 Μοῖραι,
344 2115 499 2194 Ἐρινύες,
534 2113 638 2194 Ἔρις,
672 2114 747 2176 inde
771 2114 850 2176 nihil
874 2113 958 2176 effici
981 2123 1100 2196 potest,
1126 2122 1301 2197 propterea

179 2229 269 2311 quod
294 2230 391 2291 etiam
413 2227 534 2295 felicem
556 2249 621 2290 esse
643 2228 724 2290 deus
749 2228 867 2291 dicitur
895 2226 1030 2308 Clzee'plc.
1059 2242 1206 2309 53—54:

810 2342 846 2401 τό
870 2339 898 2402 δ’
922 2342 1077 2423 ιότιιχιῖν,

330 2454 397 2518 τόδ’
422 2457 454 2516 ἐν
480 2455 603 2538 βροτοῖς
629 2459 701 2526 Aah·
727 2479 759 2515 τι
786 2456 838 2514 καὶ
863 2461 940 2516 θεοῦ
965 2453 1073 2518 πλέον.
1101 2461 1129 2534 2)

216 2571 366 2652 Apparet
389 2571 489 2652 igitur
501 2591 605 2631 usum
625 2570 715 2632 verbi
736 2571 827 2651 quod
840 2579 888 2632 est
902 2571 974 2641 aaa
987 2569 1074 2651 apud
1090 2569 1298 2651 Aeschylum

174 2707 239 2748 non
276 2687 384 2747 minus
419 2685 483 2748 late
517 2695 628 2768 patere
662 2706 762 2766 quam
786 2687 818 2747 in
842 2684 949 2779 Sacris
973 2684 1091 2761 Libris,
1118 2683 1172 2745 ubi
1197 2704 1224 2745 e.
1250 2705 1300 2764 gr.

174 2799 310 2881 legitur:
336 2795 449 2859 πολλοὶ
473 2801 532 2878 γὰρ
557 2808 833 2876 πιριπατοῐιοινμ..
856 2782 900 2858 ὧν
924 2800 942 2858 o'
964 2800 1038 2870 θοός
1064 2803 1081 2876 η’
1106 2794 1240 2858 κοιλία...
1258 2797 1299 2878 3).

220 2912 286 2975 Sed
316 2914 415 2976 etiam
446 2914 501 2976 ubi
525 2913 725 2994 AeschyluS,
750 2912 839 2994 quod
866 2913 969 2974 maius
992 2919 1052 2986 est,
1076 2914 1120 2974 ita
1143 2912 1297 2994 loquitur,

180 3029 271 3109 quasi
296 3048 410 3090 revera
433 3028 594 3108 cogitaret
617 3027 658 3088 de
682 3027 796 3090 divinis
817 3027 964 3107 personis
988 3026 1059 3108 (csr.
1082 3032 1180 3105 ματιρ
1194 3028 1233 3087 N
1235 3023 1296 3107 οξ),

132 3229 134 3231 Ι
175 3162 216 3204 ne
252 3150 322 3204 tum
358 3142 493 3224 quidem
527 3149 625 3224 poeta
661 3142 782 3223 ubique
816 3140 980 3222 putandus
1010 3149 1059 3202 est
1082 3161 1175 3202 suam
1200 3141 1299 3222 ipsius

171 3255 317 3337 prolerre
360 3255 561 3337 opinionem,
605 3255 663 3317 sed
696 3257 807 3337 potius
844 3254 984 3335 figuram
1021 3253 1297 3333 προοωποποιίας,

174 3388 258 3450 quae
282 3369 409 3446 dicitur,
431 3368 595 3443 adhibere,
622 3389 706 3451 quae
731 3371 759 3432 ei
786 3378 821 3431 ut
832 3376 949 3451 poetae
963 3371 1108 3432 maxime
1120 3369 1251 3451 placuit.
1265 3367 1299 3449 4)

212 3665 234 3732 ι)
252 3666 369 3716 Testatur
388 3666 455 3715 hanc
473 3682 525 3715 rem
544 3667 689 3730 Hesychius
706 3668 752 3716 sub
770 3683 831 3717 voce
850 3667 1025 3733 ἀμᾳίιλρομος·
1044 3665 1298 3732 Αἱοχι”λοςὶ’τιιέλῃ

174 3757 276 3806 ἔπλασε
307 3757 424 3817 δαίμονα
444 3761 534 3806 καινόν
553 3762 615 3823 περὶ
633 3761 667 3806 ἰὰ
688 3758 865 3826 ἀμφιδρόμιιι,
892 3757 950 3806 olori
970 3757 1062 3821 ἔλεγες
1080 3760 1127 3805 τόν
1147 3757 1298 3807 Γενέθλιον

172 3849 236 3913 (Csr.
260 3850 360 3908 Nauck,
388 3850 465 3915 Trag.
489 3850 579 3900 Graec.
597 3851 685 3914 fragm.
703 3869 728 3916 p.
748 3850 808 3917 732).
826 3851 892 3899 Vide
910 3850 986 3898 etiam
1004 3851 1036 3899 R.
1056 3849 1142 3914 Haym
1160 3850 1184 3898 in
1202 3851 1299 3901 dissert.

175 3941 215 3988 De
240 3956 324 3989 rerum
349 3940 490 3989 divinarum
517 3941 585 4004 apud
603 3942 756 4005 Aeschylum
784 3941 937 4003 conditione,
953 3957 978 4004 p.
996 3952 1103 4003 22-23,
1120 3940 1163 3989 ubi
1181 3941 1251 3991 locos
1268 3960 1299 3993 ex

174 4031 302 4081 Welckeri
327 4039 352 4082 et
377 4033 502 4096 Droyseui
519 4033 635 4097 operibus
653 4035 729 4084 addit.

208 4122 232 4188 2)
267 4122 318 4185 Qui
336 4123 385 4172 hoc
405 4126 472 4173 θεοῦ
491 4140 583 4172 nomen
601 4124 797 4188 intellegendum
815 4126 853 4184 sit,
872 4131 975 4190 apparet
993 4141 1023 4173 ex
1041 4126 1108 4189 Sept.
1125 4124 1190 4174 608:

428 4218 495 4265 θεοῦ
514 4215 546 4264 di
567 4216 653 4282 δῶρόν
672 4218 746 4265 ἐστιν
765 4219 890 4284 εὐτυχεῖν
907 4219 1031 4284 βροτούς.

207 4303 232 4370 3)
250 4305 291 4354 Ad
310 4305 417 4370 Philipp.
437 4307 487 4366 ΙΙΙ,
508 4308 547 4365 18,
569 4320 606 4370 19.

206 4395 233 4461 4)
268 4395 390 4461 Exempla
408 4403 621 4463 κροσικτοποιιίις
639 4408 696 4449 sunt
713 4408 809 4466 praeter
827 4401 905 4450 multa
923 4401 985 4452 alia:
1004 4401 1137 4466 Agam.6:
1158 4400 1299 4468 λαμπροὺς

1148 4509 1165 4553 2
