3106 4822
795 261 836 339 98

295 445 371 526 Qua
399 467 475 510 cum
511 467 545 509 re
579 447 730 528 congruit
765 446 854 530 quod
879 444 986 510 Orcus
1011 440 1130 511 dicitur
1154 450 1293 513 mortuis
1317 451 1376 513 im-

251 581 366 643 perare
392 558 503 641 Suppl.
527 573 609 640 755:
666 626 668 630 ,
1059 569 1061 573 ’

451 689 580 767 πρόπαρ
604 670 781 758 θανούσας,
793 683 823 747 δ’
844 683 963 759 Ἀίδας(
977 684 1121 748 ἀνάσσοι.

294 812 382 893 Quin
418 815 515 876 etiam
546 810 658 895 (Ἅιδης
694 815 914 897 metonymice
947 834 1008 898 pro
1026 815 1101 898 *ipsa
1125 826 1231 879 morte
1255 818 1374 879 dicitur

253 927 373 1006 Agam.
398 927 480 1006 645:

428 1037 543 1123 ἔπειτα
567 1037 595 1101 δ’
614 1037 730 1122 ζἍιδην
756 1043 889 1102 πόντιον
915 1044 1173 1120 πεφευγότες...

295 1165 361 1230 Sed
385 1168 470 1249 quis,
494 1187 630 1251 quaeso,
655 1167 710 1249 qui
736 1188 801 1231 non
826 1167 924 1250 plane
946 1167 1090 1232 Graecae
1113 1169 1375 1250 antiquitatis'sit

249 1301 377 1362 expers
412 1281 541 1362 ignorat
574 1282 671 1343 etiam
701 1282 798 1351 vivos
823 1279 972 1345 homines
996 1283 1114 1346 inferos
1140 1284 1275 1347 visisse?
1311 1283 1375 1344 Re-

250 1394 403 1457 cordetur
438 1393 539 1456 modo
563 1392 745 1476 Orpheum,
772 1395 962 1478 Herculem,
989 1381 1148 1478 Ulyxem,
1170 1397 1264 1472 alios,
1290 1399 1374 1479 quos

250 1527 365 1568 omnes
389 1497 572 1568 enumerari
597 1526 663 1568 non
683 1526 767 1588 opus
787 1515 846 1585 est,
867 1494 987 1589 quibus
1000 1516 1127 1586 tantum
1141 1509 1249 1591 ipsum
1263 1530 1374 1590 regem

250 1619 439 1697 inferorum,
475 1620 573 1682 deum
609 1619 792 1699 Plutonem,
826 1620 923 1684 addo.
970 1619 1025 1684 Sic
1056 1622 1145 1704 apud
1169 1622 1374 1705 Aeschylum

250 1733 349 1795 verba
373 1733 598 1796 Eumenidum
621 1735 764 1797 indicant
787 1736 914 1814 Κρόνον
939 1755 1004 1797 non
1029 1746 1197 1799 mortuum
1218 1757 1301 1815 esse,
1317 1736 1374 1798 sed

251 1848 401 1910 vinctum
424 1847 668 1925 tantummodo,
690 1868 767 1910 cum
786 1837 900 1911 *dicant
923 1847 1030 1932 (Eum.
1051 1848 1151 1932 '631):
1323 1845 1325 1852 ’

406 1969 503 2043 αὐτός
526 1968 555 2032 δ’
576 1969 666 2053 ἔδησε
690 1969 817 2053 πατέρα
840 1973 1024 2057 πρεσβύτην
1048 1977 1186 2054 Κρόνον.

296 2101 384 2162 Item
405 2099 571 2181 Apollinis
595 2120 788 2182 responsum
812 2100 963 2165 disertius
986 2092 1030 2187 (v.
1054 2087 1262 2184 634ss63sslz

429 2213 454 2301 ὦ
478 2227 660 2302 παντομισῆ
684 2221 970 2316 κνώδαλα,στυγη
994 2226 1094 2303 θεῶν,

243 2392 245 2394 ,
348 2413 350 2417 y
430 2333 531 2408 πέδας
552 2336 611 2416 μέν
635 2333 834 2415 ἄνλόσειεν,
859 2335 927 2399 έστι
952 2335 1040 2402 τοῦδ’
1063 2341 1139 2410 ἄκος

428 2449 481 2518 καὶ
505 2451 608 2530 κάρτα
632 2446 734 2530 πολλὴ
757 2453 882 2532 μηχανὴ
906 2427 1063 2532 λυτηρισς·

408 2541 751 2654 -ανδρὸςδῗέπειδὰν
775 2559 843 2642 αἷμ’
866 2562 1040 2649 ἅνασπόιση
1066 2568 1153 2638 κόνις
1220 2650 1221 2653 η

252 2762 258 2773 .
332 2763 333 2768 η
363 2655 368 2660 ,
428 2653 713 2754 ἅπαξόανόντος,
736 2679 824 2748 οὔτις
847 2674 914 2737 ἔστ’
936 2679 1121 2750 ἀνάστασις.
1209 2669 1211 2673 ’
1241 2738 1245 2746 ,

296 2802 360 2864 His
384 2802 490 2865 verbis
512 2823 612 2886 quam
637 2803 806 2866 manifeste
828 2802 994 2867 hominem
1019 2813 1185 2868 mortuum
1209 2791 1284 2867 vivo
1308 2804 1372 2865 deo

250 2915 420 2997 opposuit!
456 2916 593 2979 Nullam
626 2916 769 3000 denique
803 2917 1039 2980 dubitationem
1064 2917 1251 3000 relinquunt
1274 2915 1373 2979 verba

251 3028 436 3092 Promethei
460 3030 595 3092 dicentis
618 3031 661 3112 (v.
691 3029 938 3114 1049-1052):

563 3197 565 3200 ι
632 3222 633 3226 ,
741 3152 774 3226 ές
797 3177 831 3216 τε
856 3151 1003 3217 κελαινὸν

477 3269 647 3349 Τάρταρον
671 3265 772 3350 ἄρδην
796 3268 899 3351 ῥίψειε
924 3266 1020 3350 δέμας

407 3420 408 3424 =
472 3377 588 3460 τούμόν
605 3378 753 3463 Αοίνάγυης
776 3386 920 3463 στερραῖς
943 3379 1084 3455 δίναις,
1157 3417 1159 3421 <

475 3497 609 3585 πάντας
633 3492 684 3573 ε’μέ
704 3493 771 3577 γὀυ
795 3496 993 3574 θανατώσει,

296 3627 317 3707 i.
341 3645 386 3686 e.:
422 3623 560 3685 Etiamsi
595 3621 740 3704 Iuppiter
763 3643 816 3685 me
838 3625 870 3686 in
890 3624 1065 3695 'Tartarum
1091 3621 1295 3707 detorqueat,
1320 3645 1374 3686 ne·

250 3757 418 3821 quaquam
443 3758 495 3800 me
519 3736 657 3804 necabit.
680 3737 773 3800 ltem
796 3759 827 3800 v.
852 3751 1025 3819 750-751
1053 3739 1132 3802 dicit
1155 3759 1220 3801 non
1245 3739 1277 3801 in
1302 3738 1376 3800 satis

252 3873 325 3915 esse
349 3872 384 3914 se
408 3851 507 3913 mori:

356 3963 377 4003 Ὺ
408 3968 426 4042 η’
450 3961 618 4037 δυσπετῶς
641 3965 682 4027 ἄν
708 3963 783 4037 τοός
807 3965 899 4045 ἐμσός
921 3961 1045 4036 ἄθλους
1069 3963 1182 4048 φέροις,

407 4078 471 4162 ὅτῳ
496 4084 611 4142 θανεῖν
634 4078 690 4160 μέν
716 4085 802 4141 ἐστιν
828 4077 863 4141 οδ
888 4077 1110 4163 πεπρωμένον·

296 4192 510 4255 Prometheus
533 4195 632 4275 igitur
654 4173 797 4257 ostendit
819 4195 950 4258 disertis
973 4184 1082 4257 verbis
1106 4195 1221 4258 Iovem
1244 4194 1378 4276 quidem

251 4314 447 4387 potestatem
471 4303 591 4368 habere
615 4306 721 4389 ipsum
747 4308 780 4368 in
802 4308 975 4370 Tartarum
1000 4307 1170 4382 deiciendi,
1194 4327 1254 4370 nec
1267 4315 1380 4371 tamen
