3106 4822
777 308 836 356 102

170 542 173 547 .
237 480 417 557 videbatur,
453 480 540 542 unde
574 478 706 542 tandem
742 487 834 561 pater
868 477 1026 542 Saturnus
1061 489 1152 542 ortus
1189 485 1261 542 est?
1307 479 1362 541 Ex

241 586 354 656 Urano
378 592 511 659 scilicet.
548 591 616 654 Sed
641 592 725 654 unde
751 592 905 655 Uranus?
941 592 1018 654 Non
1042 591 1153 674 liquet.
1189 592 1362 655 Wecklein

238 699 348 768 autem
371 715 465 788 putat
487 705 693 788 Aeschylum
716 705 1024 787 Agara156—158
1044 706 1089 789 (in
1103 706 1205 788 ipsius
1219 702 1362 769 editione

238 842 269 883 v.
300 820 497 904 178-180),
523 820 579 883 ubi
603 819 740 901 legitur:
1184 848 1188 854 ·

387 954 390 960 ’
461 931 527 995 οὐδ’
549 933 635 1004 ὅστις
658 936 818 1013 πάροιθεν
843 927 881 1012 ἦν
904 931 1010 1012 μέγας,

462 1045 623 1127 παμμάχῳ
647 1050 760 1125 θράσει
785 1045 902 1128 βρυίυν,1

461 1157 553 1222 οὐδὲν
576 1155 663 1231 λέξαι
689 1157 765 1239 πρὶν
790 1157 845 1236 ὢν,
927 1154 930 1158 ⁸

240 1272 488 1357 quodammodo
529 1272 732 1354 significasse
753 1272 862 1335 'illam
897 1274 939 1334 de
974 1271 1088 1336 Urano
1122 1272 1196 1333 deo'
1219 1270 1362 1333 fabulam

240 1387 386 1451 redolere
409 1388 634 1470 antiquitatem
660 1407 719 1448 nec
742 1385 883 1449 multum
907 1384 980 1448 fidei
1006 1384 1182 1466 haberer).
1208 1383 1304 1464 Quae
1325 1385 1366 1445 de

241 1499 355 1566 Urano
390 1501 547 1563 sententia
580 1509 689 1562 tamen
722 1498 816 1562 latius
839 1508 936 1582 patet.
973 1498 1061 1561 Nam
1085 1497 1167 1560 illud
1190 1497 1277 1570 ὅστις
1300 1518 1366 1560 non

241 1616 283 1678 ad
306 1612 415 1677 solum
440 1614 590 1677 Uranum
614 1622 748 1695 spectat,
772 1614 830 1675 sed
851 1614 894 1675 ad
917 1633 1042 1689 omnes,
1067 1613 1267 1695 quicumque
1290 1620 1365 1674 ante

241 1730 352 1792 lovem
376 1726 476 1792 luisse
499 1728 661 1805 dicuntur,
685 1729 782 1789 etiam
806 1727 847 1789 ad
871 1726 1058 1790 Saturnum.
1085 1727 1127 1788 Et
1150 1727 1244 1808 quasi
1269 1729 1366 1807 'po'e'ta

241 1851 415 1917 vereretur,
451 1862 492 1904 ne
523 1842 597 1924 quis
629 1841 709 1905 illud
739 1841 827 1912 ὅστις
848 1841 889 1904 ad
915 1861 1017 1904 unum
1040 1841 1201 1916 Uranum,
1234 1859 1300 1903 non
1323 1839 1365 1901 ad

240 1956 420 2020 Saturnum
456 1976 589 2039 quoque
624 1956 765 2030 referret,
800 1957 833 2017 in
864 1955 1002 2018 eandem
1032 1955 1225 2017 sententiam
1256 1953 1365 2035 pergit

242 2072 284 2154 (v.
314 2069 524 2154 159—16o):
560 2070 562 2073 ’

530 2185 563 2255 ὃς
586 2180 615 2244 δ’
637 2181 741 2244 ἔπειτ’
764 2182 834 2262 ἔφυ,
859 2206 950 2264 τρια-

533 2300 645 2375 κτῆρος
667 2293 787 2376 οἴχεται
811 2296 924 2376 τυχών.
946 2296 951 2366 J

287 2408 376 2489 Quid
410 2411 532 2490 igitur?
557 2409 770 2491 Quamquam
795 2411 859 2471 iam
883 2410 1034 2490 apparuit
1057 2406 1264 2488 Aeschylum
1290 2429 1364 2470 nus·

243 2543 342 2606 quam
390 2522 431 2584 de
477 2523 528 2584 dei
564 2531 668 2584 morte
704 2523 805 2604 loqui,
840 2523 942 2584 immo
977 2521 1203 2583 immortalitas
1239 2541 1366 2595 eorum,

242 2636 309 2698 sive
344 2636 386 2698 de
420 2633 563 2698 Saturno
597 2636 791 2717 cogitamus,
827 2636 896 2698 sive
931 2635 972 2696 de
997 2633 1204 2711 Promethe0,
1236 2635 1304 2698 sive
1328 2635 1369 2695 de

244 2749 395 2826 Chirone,
432 2750 562 2832 ubique,
599 2750 700 2813 verbo
736 2749 868 2831 quidem
904 2758 1010 2825 tenus,
1046 2749 1134 2812 salva
1157 2749 1275 2823 evadit,
1303 2767 1368 2810 non

179 2890 181 2894 ·
243 2874 352 2927 tamen
387 2864 459 2927 talis
475 2862 565 2938 'vita
598 2863 729 2946 qualem
754 2864 797 2926 dii
820 2872 989 2946 tamquam
1015 2864 1150 2925 umbrae
1174 2864 1206 2924 in
1229 2863 1369 2926 Tartaro

243 2978 378 3058 degunt,
401 2978 540 3040 deorum
564 2976 807 3040 immortalitate
830 2977 931 3058 digna
954 2985 1011 3039 est.
1037 2975 1125 3038 Nam
1139 2996 1224 3057 quae
1236 2976 1369 3039 tandem

244 3088 353 3151 manet
386 3090 446 3151 ista
480 3089 715 3164 immortalitas,
751 3091 777 3152 si
812 3091 893 3153 deus
928 3090 1055 3172 aliquis,
1086 3091 1238 3172 quamvis
1262 3091 1368 3165 vivus,

243 3200 365 3263 nullam
401 3200 543 3283 amplius
577 3201 676 3265 habet
709 3204 786 3280 vim,
823 3203 913 3266 nullo
949 3204 1013 3266 iam
1052 3223 1187 3265 munere
1210 3203 1368 3284 fungitur,

243 3333 352 3395 neque
373 3312 523 3376 homiues
546 3315 615 3377 eius
638 3314 690 3376 dei
714 3317 778 3377 iam
802 3317 959 3379 rationem
985 3315 1116 3391 habent,
1141 3336 1217 3378 cum
1239 3324 1370 3379 aeterna

243 3426 331 3490 illius
362 3427 485 3490 oblivio
519 3449 577 3490 eos
612 3430 734 3510 ceperit
769 3425 872 3513 (οὐδὲν
896 3425 984 3502 λέξαι
1010 3429 1087 3509 πρὶν
1111 3427 1195 3512 du?
1231 3429 1370 3491 Immor-

242 3541 348 3604 talitas
371 3543 440 3604 sine
464 3540 514 3604 his
539 3542 647 3618 rebus,
671 3542 698 3604 si
723 3543 875 3606 subtilius
898 3543 1097 3626 quaerimuS,
1122 3550 1191 3605 tota
1214 3543 1257 3605 ad
1281 3562 1369 3605 som-

243 3656 345 3732 nium,
379 3657 425 3718 ad
458 3676 583 3719 meram
607 3656 752 3720 fabulam
776 3658 868 3721 redit.
904 3656 1031 3736 Quodsi
1056 3655 1245 3739 Aeschylus
1269 3658 1370 3720 deum

244 3769 415 3837 mortalem
439 3770 585 3850 cogitare
608 3791 674 3832 non
697 3772 813 3852 potuit,
837 3769 881 3832 illi
905 3777 1016 3832 autem
1040 3769 1179 3833 fabulosi
1203 3771 1259 3848 dii,
1295 3770 1371 3833 licet

243 3882 444 3956 immortales
467 3883 595 3960 fuerint,
613 3893 729 3947 tamen
752 3903 916 3946 summam
933 3884 1054 3945 'mortis
1077 3885 1255 3965 imaginem
1278 3903 1372 3965 prae·

279 4077 302 4142 1)
327 4077 396 4127 Dicit
419 4078 452 4126 ad
475 4095 499 4126 v·
526 4079 573 4142 178
598 4080 623 4129 ff.
646 4080 680 4146 (p.
698 4079 755 4146 43):
780 4079 869 4139 „dom
887 4079 1021 4144 allgemein
1038 4080 1090 4128 und
1106 4080 1276 4143 unhestimmt,
1293 4082 1327 4130 da
1345 4096 1372 4130 es

243 4169 355 4218 nachher
371 4168 448 4218 heisst
467 4169 530 4219 aaut
551 4170 655 4228 λέξεται
673 4175 737 4240 πρὶν
755 4171 789 4221 ὤν
807 4172 867 4238 (von
884 4173 977 4222 scinem
996 4172 1094 4222 Daseia
1113 4173 1176 4223 wird
1194 4173 1265 4223 nicht
1277 4173 1372 4222 einmal

243 4261 314 4310 mehr
330 4262 372 4311 dle
389 4263 460 4313 Rede
476 4262 548 4328 sein).
582 4264 640 4312 Der
656 4264 764 4314 Dichter
781 4264 864 4312 deutet
879 4264 960 4313 damit
976 4265 1046 4313 wohl
1059 4281 1103 4327 an,
1126 4265 1183 4314 dass
1200 4264 1246 4313 der
1262 4264 1369 4329 Mylhus

241 4368 291 4402 von
312 4353 414 4402 Uranos
428 4353 541 4401 ziemliclz
557 4354 679 4403 verblasst
695 4355 752 4403 und
765 4355 919 4403 verschollen
935 4355 1018 4404 war.'‘
1100 4385 1104 4391 ·
