3106 4822
746 276 790 341 66

210 468 298 535 solos
332 485 491 531 exercere.
535 465 584 528 At
619 466 757 547 Erinyes
791 467 883 547 prius
919 474 1015 529 natae
1050 463 1203 528 videntur
1237 477 1337 544 quam

210 585 369 648 homines.
416 579 462 642 Hi
494 599 593 661 porro
627 600 647 642 a
680 582 786 661 prima
819 582 869 642 sui
904 579 1036 662 generis
1066 578 1195 659 origine
1231 594 1338 657 usque

211 697 253 760 ad
287 696 408 757 furtum
443 689 636 769 Promethei,
669 692 759 774 quod
794 691 846 754 hic
877 692 960 755 deus
985 693 1066 754 Iove
1089 692 1155 754 iam
1180 696 1340 771 regnante

212 806 382 882 commisit,
416 805 547 867 rationis
571 815 721 887 expertes
746 814 781 868 ut
803 806 900 868 bruta
923 805 1079 869 animalia
1102 805 1269 880 vixerunt,
1293 803 1339 865 ita

213 930 248 984 ut
278 939 382 1001 neque
405 918 595 1000 quodquam
618 918 743 983 facinus
766 919 804 981 iis
827 939 887 1000 per
910 919 992 983 illud
1014 929 1147 1002 tempus
1171 917 1340 1000 imputari,

212 1053 328 1160 neque,
351 1032 377 1093 si
400 1031 614 1112 imputaretur
639 1031 842 1115 Erinyesque
865 1033 907 1095 ab
931 1034 971 1096 iis
987 1054 1132 1115 poenam
1143 1038 1340 1116 repeterent,

212 1148 310 1212 hurus
344 1163 467 1226 poenae
501 1142 650 1206 homines
686 1166 887 1228 quemquam
911 1167 1046 1210 sensum
1069 1148 1191 1211 habere
1214 1143 1341 1228 potuis-

213 1267 293 1326 sent,
338 1256 450 1337 Itaque
492 1255 630 1337 Erinyes
674 1277 732 1338 per
774 1257 913 1341 longum
954 1268 1099 1342 tempuS,
1142 1281 1201 1342 per
1236 1257 1343 1321 multa

213 1378 351 1442 fortasse
373 1368 500 1432 saecula
522 1370 620 1432 vitam
645 1390 775 1433 summo
799 1372 867 1435 otio
890 1373 1013 1455 degere
1036 1384 1171 1438 coactae
1189 1369 1341 1439 sueruntl

216 1492 311 1574 Quae
351 1483 449 1564 igitur
491 1483 704 1564 repugnantia
745 1484 778 1546 in
816 1485 980 1568 Erinyum
1015 1497 1151 1570 aspectu
1187 1463 1346 1562 cernitur:

215 1606 331 1674 eadem
365 1598 495 1660 iteratur
529 1616 593 1658 una
627 1617 669 1658 cx
696 1607 787 1678 parte
811 1619 850 1661 ea
874 1600 1009 1678 ratione,
1034 1622 1120 1684 quae
1144 1602 1228 1665 inter
1252 1601 1342 1682 ipsas

216 1734 249 1790 et
283 1719 374 1791 deos,
408 1710 508 1774 altera
542 1730 586 1772 ex
618 1718 710 1792 parte
741 1732 789 1787 ea,
822 1734 907 1795 quae
931 1715 1014 1778 inter
1036 1714 1110 1778 illas
1134 1724 1167 1778 et
1189 1713 1343 1777 homines

217 1830 398 1908 intercedit.

263 1955 358 2039 Quae
392 1943 603 2027 repugnantia
637 1942 719 2005 redit
753 1943 786 2006 in
810 1943 927 2019 verbis,
952 1944 1074 2027 quibus
1098 1964 1218 2007 munus
1243 1960 1345 2004 suum

218 2064 415 2143 describunt.
460 2056 547 2119 Nam
589 2055 682 2119 Eum.
726 2057 790 2118 208
824 2058 938 2138 paucis
973 2058 1032 2120 sed
1067 2057 1198 2122 disertis
1233 2056 1344 2121 verbis

219 2195 331 2259 dicunt
354 2200 389 2244 se
412 2172 596 2240 matricidas
619 2171 772 2235 domibus
797 2171 984 2256 expellere:

399 2292 472 2361 τούς
495 2284 689 2369 μητραλοίας
714 2287 746 2346 ἐκ
770 2283 874 2365 δόμων
900 2283 1083 2367 ἐλαύνομὲν.

266 2425 309 2490 Et
332 2437 409 2483 sanc
433 2417 481 2474 est
504 2403 670 2470 matricida
694 2399 839 2465 Orestes.
883 2402 914 2464 N
919 2423 956 2464 ec
980 2410 1089 2464 tamen
1113 2421 1156 2462 ex
1180 2399 1245 2461 hoc
1269 2397 1346 2459 loco

222 2540 305 2608 effici
329 2535 441 2621 posset
465 2521 604 2602 Erinyes
628 2537 692 2580 non
715 2514 793 2578 alias
817 2517 879 2578 nisi
904 2516 1088 2580 matricidas
1105 2512 1270 2596 persequi,
1286 2509 1347 2573 nisi
1380 2576 1389 2592 „

223 2660 286 2723 hoc
302 2653 426 2740 pateret
449 2661 492 2705 ex
515 2656 565 2714 e0,
589 2632 678 2718 quod
703 2631 840 2713 Erinyes
863 2630 1011 2713 Apollini
1037 2629 1174 2710 roganti,
1188 2625 1348 2709 quidnam

224 2777 265 2839 de
289 2768 433 2842 muliere,
460 2774 544 2842 quae
568 2749 721 2814 maritum
744 2767 763 2808 e
786 2746 895 2809 medio
919 2743 1094 2819 sustulerit,
1117 2741 1261 2805 facturae
1284 2739 1350 2801 sint

226 2891 332 2978 (Eum.
359 2878 452 2963 209):

405 2990 437 3055 ri
461 2987 521 3068 γὰρ
545 2981 692 3061 γυναικὸς
717 2979 786 3057 ἣτις
809 2973 912 3057 ἄνδρα
938 2971 1068 3056 νοσφίσῃ
1077 2992 1088 3047 ,·

229 3115 425 3203 respondent
449 3108 492 3190 (ν.
517 3099 615 3186 210):

407 3222 461 3286 our
486 3220 526 3280 ἂν
551 3210 670 3293 γένοιθ’
694 3211 825 3291 ὅμαιμος
849 3199 1010 3283 αὐθέντης
1034 3203 1136 3281 φόνος,

275 3350 295 3413 i.
329 3370 357 3410 e.
392 3342 498 3406 virum
532 3334 665 3412 eiusque
700 3344 838 3389 uxorem
874 3341 939 3383 non
973 3337 1044 3380 esse
1079 3310 1353 3393 consanguineos,

232 3485 337 3549 neque
372 3459 470 3543 igitur
493 3449 555 3514 sibi
579 3446 662 3510 hanc
686 3440 820 3505 caedem
844 3433 1067 3499 ulciscendam
1090 3448 1173 3491 esse.
1217 3425 1255 3487 In
1278 3444 1353 3486 ean·
1435 3497 1437 3500 .

233 3583 308 3644 dem
332 3570 526 3641 sententiam
550 3558 746 3643 respondent
769 3553 916 3628 Orestae,
938 3556 1115 3631 postquam
1138 3561 1193 3604 eas
1216 3537 1354 3619 rogavit,
1417 3508 1420 3512 ’

234 3719 292 3759 cur
329 3693 418 3757 illam
453 3683 737 3770 (Clytaemestram
772 3668 864 3750 scil),
905 3661 1013 3747 quoad
1049 3660 1182 3733 viveret,
1220 3673 1287 3715 non
1321 3652 1356 3713 in

235 3810 385 3874 exsilium
408 3796 594 3884 expulerint
616 3789 723 3864 (Eum.
750 3782 845 3867 594):

415 3916 447 3978 τί
472 3912 498 3976 δ’
525 3911 580 3972 οὐκ
606 3903 728 3985 ἐκείνην
753 3899 857 3974 ζῶσαν
883 3889 1017 3973 ἤλαυνες
1040 3890 1141 3967 ψυχῆς

239 4038 362 4100 Dicunt
385 4032 471 4095 enim
495 4033 537 4106 (v.
565 4019 661 4107 595):

418 4146 474 4206 our
498 4135 535 4218 ἦν
560 4139 690 4218 ὅμαιμος
713 4128 816 4209 φωτὸς
840 4124 875 4185 ὃν
900 4114 1108 4188 κατέκτανεν,

286 4267 304 4327 i.
341 4285 367 4328 e.
402 4279 467 4322 non
502 4262 572 4318 erat
605 4242 848 4325 consanguinea
882 4234 952 4310 viri,
984 4247 1082 4312 quem
1105 4222 1233 4285 occidit.
1281 4220 1359 4281 Non

243 4382 343 4466 igitur
364 4395 461 4439 omne
484 4369 591 4444 caedis
615 4382 719 4447 genus
743 4354 906 4421 vindicare
930 4348 1090 4417 videntur,
1113 4338 1172 4400 sed
1191 4331 1362 4418 parricidia
