3106 4822
740 301 776 367 31

195 477 293 561 (Sept.
334 482 428 559 ΙΙΙ),
454 479 639 554 hamath}
674 475 773 558 (Sept.
807 491 880 554 237,
913 475 1011 537 Eum.
1036 472 1125 559 900),
1150 472 1322 544 παναίτιο;

124 621 127 624 ⁴
193 591 328 675 (Agant.
358 590 463 671 1448),
488 586 686 670 τταντρνέτα,Ι
710 588 827 672 (ibid),
852 584 969 649 ττλέονν
986 585 1189 649 τελαότατον
1207 592 1321 668 κράτος

195 703 319 786 (Suppl.
346 703 543 784 soll-509).

241 818 288 881 Ut
311 817 451 898 denique
476 819 584 879 omnia
606 837 670 878 uno
697 817 797 880 verbo
813 814 1109 899 comprehendam:
1137 817 1321 878 ubicum-

197 951 285 1011 que
313 931 356 992 in
388 930 494 1006 diis,
524 931 566 992 in
591 927 880 1007 hominibus
906 932 948 992 in
974 951 1128 993 rerum
1152 938 1323 991 natura

198 1044 365 1125 aliqua
400 1046 469 1106 vis
504 1043 1323 1125 autvitaautpotentiaconspici·

198 1167 282 1235 tur,
319 1158 420 1220 sive
448 1155 1324 1233 incaelosiveinterriS,subveter-

199 1293 300 1346 ram,
325 1272 426 1335 sive
449 1272 493 1333 in
518 1272 641 1348 mari,
667 1273 778 1343 Ζεύς
802 1271 937 1334 solus
963 1281 1034 1335 est
1057 1292 1201 1335 causa
1224 1270 1324 1332 effi-

199 1387 339 1461 cicnS,
364 1386 491 1448 abeo
515 1387 666 1450 omnis
691 1387 758 1448 vis
783 1386 1322 1469 etvitaproliciscitur.

199 1499 254 1562 Sic
279 1501 377 1562 etiam
401 1500 676 1581 interpretandum
701 1510 751 1563 est
773 1501 851 1563 illud
877 1501 1120 1582 fragmentum:

333 1615 412 1683 Ζαίς
439 1614 525 1674 ἐστιν
550 1617 660 1694 αἰθήρ,
684 1616 763 1684 Zau·
788 1611 819 1675 δὲ
842 1619 891 1692 γῆ,
916 1617 996 1686 Ζεύς
1020 1612 1202 1694 δὀὐρανος,

335 1728 414 1799 Ζετί,·
439 1751 487 1788 τοι
513 1730 554 1789 τοί
580 1730 693 1788 πάντα
717 1729 794 1809 χῶτι
819 1725 917 1789 τῶνδ’
940 1725 1112 1810 ὑπέρτερον
1142 1727 1181 1809 Ι),

204 1843 294 1925 quod
330 1843 438 1906 solum
472 1865 531 1925 per
554 1864 590 1906 se
614 1853 798 1925 spectatum
823 1864 883 1906 nos
909 1843 1003 1905 facile
1026 1846 1058 1905 in
1083 1864 1159 1905 eum
1182 1862 1325 1904 errorem
1369 1851 1373 1861 '

203 1956 357 2019 inducere
391 1965 513 2038 posset,
550 1966 585 2019 ut
618 1966 809 2038 putaremus
845 1957 1051 2038 Aeschylum
1085 1955 1326 2038 pantheismum

203 2071 368 2153 quendam
403 2070 560 2147 confiteri,
585 2073 640 2152 qui
666 2070 744 2132 nihil
767 2080 877 2133 tamen
901 2071 990 2133 aliud
1014 2079 1062 2132 est
1086 2070 1145 2132 nisi
1170 2068 1212 2144 id,
1237 2067 1326 2151 quod

202 2207 221 2248 a
255 2184 418 2265 theologis
455 2183 607 2262 infinitas,
642 2183 805 2266 nbz'quims,
844 2184 997 2247 τ’ννννννατιτ
1031 2183 1095 2246 Dei
1115 2181 1245 2245 essentia
1280 2189 1352 2243 est.

203 2298 375 2381 appellata.
401 2297 433 2379 2)

177 2461 179 2463 .
249 2413 373 2488 Restat,
399 2420 434 2474 ut
457 2432 563 2493 pauca
586 2421 747 2490 notemus,
773 2434 858 2495 quae
881 2435 1081 2497 quamquam
1097 2413 1138 2475 ad
1151 2411 1327 2495 polytheis·

204 2624 289 2672 tertius
320 2641 363 2672 rex
390 2624 494 2673 deorum
519 2624 598 2672 sactus
624 2631 661 2673 est
693 2625 790 2691 (I'rom.
817 2625 964 2691 957—958:
991 2629 1114 2692 τρίτον
1146 2624 1178 2672 δὲ
1207 2626 1249 2671 τὸν
1280 2626 1328 2670 νῦν

206 2716 369 2781 κοιρανοῦντ’
397 2716 530 2775 ἐπόψομαι
549 2716 674 2782 αἴοχιοτα
695 2719 738 2763 καὶ
757 2701 883 2783 τάχιοτα,
902 2717 955 2766 scil.
982 2718 1130 2766 ἐκνττοὸντα
1149 2713 1329 2782 τυραννίδος.)

205 2806 261 2854 Nec
282 2813 366 2855 tamen
390 2808 529 2870 Aeschylus
552 2808 601 2855 hoc
625 2807 703 2855 Tertii
727 2823 868 2871 cognomen
892 2808 1016 2856 intellexit
1041 2808 1115 2869 (unde
1139 2806 1226 2869 colligi
1249 2811 1330 2869 potest

204 2905 304 2961 po'etam
328 2899 354 2946 id
376 2913 517 2961 cognomen
542 2914 593 2947 non
618 2899 780 2962 excogitasse,
804 2899 848 2947 sed
873 2900 904 2947 ab
929 2899 984 2947 aliis
1007 2898 1147 2964 recepisse),
1171 2915 1229 2947 nam
1252 2897 1329 2944 modo

204 2988 270 3037 hanc
292 2989 368 3037 modo
386 2989 456 3037 illam
474 2991 604 3054 componit
622 2990 768 3050 ternionem,
786 3007 808 3040 e.
824 3008 861 3055 gr.
882 2992 987 3055 Choepli.
1007 2993 1156 3055 236—237:
1173 2992 1281 3057 Κράτος
1298 3008 1328 3038 τε

206 3082 249 3127 καὶ
267 3080 336 3146 Δίκη
356 3082 404 3128 οὑν
422 3082 456 3147 τῷ
474 3084 553 3146 τρίτῳ
570 3080 680 3129 πάντων
697 3084 812 3145 μεγίστῳ
829 3081 909 3146 Ζηνί,
924 3082 1002 3130 Eum.
1014 3081 1158 3146 748—750:
1177 3080 1330 3136 Παλλάδος

207 3174 250 3218 καί
267 3172 364 3225 Λοξίου
382 3168 457 3220 ἕκατι
476 3174 519 3219 καὶ
536 3177 584 3221 τοῦ
599 3173 693 3229 ντάντα
713 3176 864 3239 κραίνοντος
879 3177 969 3240 τρίτοι·
981 3179 1103 3240 σωτῆρος,
1116 3174 1205 3238 Suppl.
1216 3173 1329 3232 24-26:
1371 3229 1372 3232 ρ

207 3266 305 3312 ὕπατοί
322 3282 351 3312 τε
373 3266 441 3322 dmi,
461 3266 504 3311 καί
523 3266 669 3331 βαρύτιμοι
687 3265 794 3330 χθόνιον
807 3267 896 3330 θήκας
916 3268 1083 3332 κατέχοντος,
1101 3269 1145 3314 καί
1163 3266 1234 3323 Ζεύς
1246 3270 1330 3332 οοντὴρ

206 3359 302 3421 τρίτος.
338 3356 388 3404 Sed
412 3372 463 3404 non
488 3357 514 3404 in
537 3357 599 3405 Iove
622 3357 677 3405 solo
702 3357 764 3406 haec
789 3357 909 3406 ternionis
929 3359 1046 3408 sanctitas
1064 3359 1181 3417 cernitur,
1198 3365 1224 3407 ut
1243 3358 1331 3421 cuique

207 3446 366 3510 perspicuum
383 3448 417 3506 fit,
435 3447 478 3511 qui
497 3447 631 3496 Wellaueri
650 3448 761 3497 Lexicon
779 3449 965 3513 Aeschylaeum
992 3451 1020 3514 (s.
1039 3467 1063 3502 v.
1080 3454 1170 3517 τρίτος
1188 3450 1282 3512 subque
1300 3448 1331 3495 iis

207 3537 319 3597 vocibus,
337 3554 401 3601 quae
419 3538 451 3586 ab
469 3537 560 3604 τρι(ο’)-
578 3536 710 3602 incipiunt)
728 3539 836 3603 inspicit.
854 3542 914 3589 Non
928 3542 1004 3606 igitur
1014 3542 1090 3590 miror
1099 3543 1164 3590 hanc
1179 3557 1231 3589 rem
1241 3540 1331 3588 multos

208 3630 258 3678 iam
282 3631 314 3679 de
338 3631 422 3680 divina
446 3632 557 3680 trinitate
582 3634 667 3696 (quam
690 3632 802 3697 theologi
825 3632 925 3700 vocant)
943 3635 1068 3683 monuisse
1086 3633 1153 3698 (vide
1171 3633 1202 3681 O.
1219 3632 1331 3693 chkler,

207 3722 349 3788 Theologia
366 3723 493 3786 naturalis,
506 3722 608 3774 Frankf.
627 3740 649 3772 a.
668 3723 703 3773 M.
739 3725 866 3790 Erlangen
887 3725 959 3775 1860.
976 3743 1001 3789 p.
1019 3725 1077 3784 660,
1094 3725 1151 3788 690,
1168 3721 1280 3789 passim).

246 3814 269 3878 Ι)
287 3813 386 3878 Fragm.
406 3828 437 3877 70
455 3813 623 3880 (Heliadum).

245 3917 269 3983 2)
303 3918 353 3969 Csr.
380 3920 412 3968 ad
440 3920 535 3984 Ephes.
563 3920 583 3978 l,
610 3933 655 3982 233
681 3921 773 3983 Jerem.
800 3921 901 3983 XXIlI,
928 3934 968 3980 20,
989 3933 1041 3980 =243
1070 3920 1159 3968 Psalm.
1185 3919 1332 3973 CXXXIX,

211 4023 292 4072 7—12
322 4017 346 4060 et
371 4011 475 4075 IIodge,
494 4011 557 4074 Syst.
576 4010 665 4060 Theol.
684 4011 706 4070 I,
725 4011 864 4075 383-385.
883 4012 1059 4074 Naegelsbach
1076 4012 1108 4060 de
1126 4011 1174 4059 hoc
1193 4011 1333 4076 fragmento

209 4102 272 4152 dicit
296 4101 338 4167 (N.
367 4103 402 4152 ll.
421 4103 452 4151 T.
469 4119 494 4166 p.
524 4113 578 4165 137,
598 4100 638 4167 3):
660 4101 704 4160 „in
721 4101 830 4150 welcher
847 4102 923 4152 Stelle
941 4104 986 4152 der
1003 4103 1189 4153 anscheinende
1206 4104 1333 4153 Pantheis-

209 4209 265 4241 mus
289 4194 367 4242 durch
393 4195 439 4242 das
466 4197 509 4241 καὶ
534 4195 575 4241 ὅτι
602 4193 684 4243 τῶνδ’
704 4195 849 4261 ὑπέρτερον
873 4195 965 4243 wieder
983 4195 1141 4260 aufgehoben
1159 4197 1208 4245 und
1226 4197 1251 4245 in
1270 4196 1333 4244 Zeus

210 4284 280 4333 nicht
308 4287 363 4334 blos
389 4287 434 4334 das
463 4286 578 4333 Moment
603 4287 648 4334 der
675 4286 829 4338 Immanenz.
856 4287 966 4335 sondem
992 4288 1057 4335 auch
1081 4288 1125 4336 der
1142 4288 1333 4337 Transcendenz

208 4376 347 4425 anerkannt
364 4378 426 4425 wird
443 4377 510 4442 (vide
527 4384 611 4426 tamen
630 4394 654 4441 p.
677 4377 710 4438 64
727 4377 801 4426 huius
818 4377 895 4442 libri).
