3106 4822
786 243 831 328 46

290 435 392 517 Quod
426 437 468 500 de
503 436 565 499 hac
598 458 631 500 re
655 436 843 520 Aeschylus
867 439 977 515 sensit,
1001 436 1122 501 chorus
1146 439 1370 521 pronuntiavit

244 571 296 612 vv.
325 550 557 632 1467—14702

364 651 366 655 ⁵
510 663 554 734 ὡς
575 663 633 742 μὲν
658 663 806 734 ἀναίτιος
828 657 856 724 εἶ

509 773 600 837 τοῦδε
625 780 722 856 φόνον
748 777 797 848 τίς
820 779 839 838 o‘
858 783 1083 859 μαρτυρήσων,·

512 891 563 950 πώ
588 895 654 967 min
678 893 844 971 πατρόθεν
869 888 902 951 δὲ
926 887 1043 969 συλλή-

509 1028 599 1085 πτωρ
623 1002 736 1080 γένοιτ’
761 1004 802 1064 ἂν
827 1000 985 1085 ἀλάστωρ.
1171 1072 1175 1078 .

285 1117 352 1180 Sed
388 1119 466 1199 quid
501 1119 644 1182 multai.
672 1118 887 1199 Perspicuum
914 1127 964 1182 est
988 1118 1258 1200 Clytaemestram
1283 1118 1364 1180 haec

241 1233 283 1292 de
316 1232 383 1294 sato
419 1231 518 1294 verba
552 1233 663 1294 mortis
698 1243 787 1296 metu
818 1243 948 1315 captam
977 1232 1155 1311 dicere,gut
1177 1253 1248 1294 sese
1272 1241 1364 1294 extra

241 1344 371 1426 culpam
403 1353 516 1427 ponat,
552 1365 618 1408 non
648 1346 741 1410 aliter
770 1368 809 1410 ac
840 1346 1075 1428 Agamemnon
1098 1347 1174 1410 facit
1196 1348 1229 1409 in
1252 1346 1362 1425 Iliade,

242 1458 298 1521 ubi
322 1480 357 1521 se
380 1460 468 1541 apud
495 1458 639 1522 Graecos
662 1470 791 1543 purgat.
841 1461 931 1527 Dicit
954 1461 1040 1523 enim
1065 1461 1175 1543 (XIX,
1201 1460 1361 1544 86-89):

729 1573 787 1650 ἐγὼ
811 1570 837 1634 δ’
861 1572 916 1634 οὐκ
941 1571 1043 1646 αἴτιός
1067 1577 1140 1655 εἶμι,

372 1683 456 1747 ἀλλὰ
480 1686 559 1757 Ζεύς
583 1689 635 1746 καὶ
657 1693 750 1766 μοῖρα
775 1688 827 1747 καὶ
852 1682 1026 1770 ἠέροφοῖτις
1051 1689 1164 1768 ἐρινύς,

372 1799 404 1861 οῗ
426 1798 461 1861 τέ
484 1824 535 1880 μοι
560 1803 607 1862 εῖν
632 1801 730 1884 (irony
752 1803 861 1883 φρεσὶν
886 1800 1026 1886 ἔμβαλον
1051 1807 1160 1884 ἄγριον
1184 1804 1279 1882 ἄτην,

372 1917 467 1992 ἤματι
493 1919 548 1995 τῷ,
572 1914 617 1975 ὅτ’
641 1912 805 1996 Ἀχιλλῆο,·
827 1913 919 1997 γέρα;
943 1914 1039 1988 αὐτὸς
1062 1914 1228 1997 ἀπηύρων,

239 2037 271 2090 et
304 2048 388 2109 quae
424 2036 614 2110 sequuntur.
644 2027 710 2091 Sed
734 2038 766 2092 et
789 2027 1024 2111 Agamemnon
1048 2030 1146 2092 sentit
1169 2049 1263 2091 suam
1287 2048 1359 2091 esse

238 2141 368 2224 culpam
394 2151 426 2205 et
449 2141 594 2205 Graecos
618 2143 705 2205 idem
728 2145 845 2206 sentire
868 2152 970 2224 putat.
995 2141 1094 2223 Quod
1118 2141 1180 2205 nisi
1204 2143 1248 2204 ita
1263 2151 1359 2220 esset,

238 2275 305 2331 cur,
342 2276 477 2337 quaese,
508 2265 583 2338 post
606 2264 673 2319 tam
697 2256 831 2337 longam
856 2256 1093 2333 defensionem,
1116 2256 1145 2317 ei
1169 2257 1266 2318 tantis
1289 2256 1359 2338 pol-

237 2368 466 2431 licitationibus
513 2391 597 2452 opus
643 2380 739 2447 esset,
787 2380 925 2453 quantas
958 2371 1035 2433 facit
1068 2393 1120 2434 vv.
1160 2377 1359 2450 137—144?

237 2481 363 2562 Quodsi
395 2504 502 2565 neque
526 2482 763 2565 Clytaemestra
786 2487 898 2558 credit,
923 2485 1012 2567 quod
1037 2485 1122 2558 dicit,
1147 2505 1254 2566 neque
1277 2481 1358 2546 Ore·

236 2605 313 2673 stes,
360 2617 400 2658 ne
434 2617 494 2658 nos
529 2597 701 2660 credamus
735 2596 816 2660 haec
849 2596 949 2660 verba
983 2596 1141 2678 Aeschyli
1175 2598 1357 2678 exprimere

236 2719 379 2773 mentem
408 2712 447 2794 ι).
483 2711 516 2774 Si
540 2710 751 2774 nihilominus
785 2711 901 2793 aliquis
930 2711 1013 2773 hanc
1038 2732 1106 2773 rem
1132 2731 1248 2792 urgere
1270 2709 1356 2786 velit,

236 2845 356 2888 moneo
391 2827 448 2903 τὴν
485 2827 617 2905 Μοῖραν
653 2827 752 2889 etiam
791 2825 854 2887 hoc
890 2825 964 2888 loco
998 2823 1259 2904 προσωποποιίας
1294 2845 1354 2885 usu

235 2939 388 3021 explicari
422 2951 529 3021 posse,
561 2961 627 3023 quo
662 2941 797 3017 accedit,
828 2939 917 3022 quod
949 2941 1081 3003 minime
1104 2948 1246 3021 apparet,
1271 2958 1355 3021 quae

234 3052 288 3116 hic
311 3053 516 3116 interfatum
541 3063 574 3117 et
597 3056 710 3118 Iovem
734 3057 815 3117 ratio
838 3055 1026 3118 intercedat.

281 3166 381 3248 Quod
406 3168 443 3226 τὸ
465 3171 614 3247 μόρσιμον
639 3169 758 3250 legitur
781 3190 832 3231 vv.
857 3168 901 3249 96
925 3177 957 3232 et
976 3181 1037 3248 451
1054 3178 1088 3233 et
1098 3171 1353 3248 μοιρόκραντον...

234 3274 316 3361 ἦμαρ
352 3303 382 3343 ν.
410 3293 484 3361 595,
520 3280 583 3343 hoe
620 3281 748 3344 silentio
782 3282 1005 3364 praeterimus,
1041 3270 1128 3360 cum,
1160 3291 1195 3345 ut
1225 3283 1354 3365 saepius

234 3396 270 3457 τό
303 3397 466 3474 μόρσιμον,
502 3397 548 3457 sic
583 3396 600 3456 ό
633 3399 858 3476 hocnunquam
892 3397 1009 3474 deoyog
1043 3395 1203 3479 Erinyum
1237 3396 1353 3460 abhis

233 3508 357 3572 deabus
381 3511 458 3592 ipsis
480 3510 571 3572 Eum.
599 3510 774 3591 388—389
810 3511 849 3569 ἐκ
885 3514 992 3569 θεῶν
1028 3507 1135 3581 δοθεὶς
1158 3510 1283 3574 dicatur
1307 3512 1351 3593 2),

232 3626 392 3711 nobisque
415 3629 456 3690 ad
480 3650 509 3691 v.
536 3626 598 3706 298
622 3627 663 3687 sit
685 3623 937 3707 properandum.

277 3743 354 3805 Hoc
395 3741 495 3822 igitur
534 3759 631 3803 versu
672 3740 795 3818 Μοῖραι
843 3745 997 3818 tanquam
1040 3735 1151 3818 plures
1192 3757 1382 3819 personae-

231 3858 430 3931 invocantur,
461 3854 518 3916 sed
549 3853 679 3916 additur
710 3872 789 3928 vox,
821 3871 905 3932 quae
929 3860 978 3914 est
1001 3853 1134 3929 Διόθεν,
1158 3871 1218 3932 nec
1241 3860 1351 3915 tamen

230 3969 338 4030 statim
361 3975 505 4050 apparet,
528 3986 612 4048 quae
635 3967 716 4028 ratio
736 3966 817 4026 inter
837 3963 966 4045 Μοίρας
979 3972 1011 4027 et
1024 3964 1138 4027 Iovem
1151 3966 1349 4028 intercedere

265 4163 288 4229 ι)
322 4165 372 4214 Csr.
407 4167 514 4229 Platner‚
548 4164 633 4213 Ueber
667 4162 709 4212 die
745 4163 806 4211 Idee
840 4162 885 4210 der
903 4161 1092 4226 Gerechtigkeit
1109 4162 1134 4210 in
1153 4162 1281 4226 Aechylus
1298 4164 1349 4212 und

230 4256 376 4320 Sophocles,
392 4272 416 4319 p.
432 4256 464 4318 67
482 4259 556 4318 (qnae
574 4256 649 4304 verba
666 4271 689 4318 p.
710 4265 724 4315 7
741 4260 826 4301 annot.
846 4267 856 4302 1
876 4253 926 4301 iam
943 4253 1043 4302 laudata
1061 4252 1192 4319 invenies).

263 4345 288 4412 2)
306 4344 356 4396 Cir.
373 4345 452 4394 Eum.
470 4356 609 4408 349-353.
