3106 4822
756 306 793 371 18

254 500 411 576 Dareum,
449 500 606 573 Xerxem,
643 497 799 559 Atossam
835 494 961 558 silentio
997 495 1222 576 praeterimus,
1259 497 1335 577 quia

208 614 398 697 Aeschylus
433 615 464 676 in
485 614 607 682 *Persis
643 633 693 674 res
729 613 872 672 Persicas
906 618 1022 672 tractat
1053 611 1232 691 Persaeque
1257 630 1333 672 suos

210 748 302 812 reges
325 729 378 790 dei
403 729 532 789 nomine
554 726 717 809 appellare
741 746 806 787 non
831 724 937 786 solum
961 724 1019 786 sed
1039 725 1136 786 etiam
1150 724 1182 784 in
1194 723 1333 786 deorum

211 864 347 906 numero
383 829 545 904 collocare
579 841 736 905 solebant.
784 838 972 920 Aeschylus
1008 840 1106 921 igitur
1130 840 1161 900 in
1186 837 1248 899 hac
1271 846 1334 900 tra·

211 957 329 1040 goedia
352 976 478 1018 morem
503 957 674 1017 Persarum
698 963 829 1016 secutus
853 961 912 1015 est.

253 1071 420 1132 Accurate
453 1078 563 1132 tamen
587 1088 753 1150 quaerere,
791 1067 922 1148 quinam
947 1064 1116 1147 Aeschylo
1153 1087 1265 1128 revera
1289 1066 1334 1127 dii
1402 1123 1404 1126 .

210 1185 337 1260 suerint,
380 1183 436 1263 qui
484 1183 599 1257 minus,
648 1189 696 1243 est
740 1200 875 1261 operam
912 1188 1010 1260 atque
1045 1179 1152 1241 oleam
1187 1181 1334 1262 perdere,

211 1319 287 1361 cum
321 1317 441 1378 negare
476 1296 577 1358 nolim
617 1301 750 1376 poetam
789 1293 899 1375 plures
935 1314 1007 1355 esse
1043 1295 1122 1356 deos
1158 1296 1335 1357 credidisse

212 1431 317 1493 neque
352 1408 440 1485 mihi,
477 1409 517 1470 de
552 1407 677 1470 nurnine
710 1406 817 1469 divino
850 1406 1015 1487 Aeschyleo
1051 1409 1225 1491 scriptum,
1250 1430 1334 1491 opus

212 1528 262 1600 sit,
288 1543 557 1604 unumquemque
581 1522 691 1597 deum,
716 1521 900 1583 seiunctum
924 1520 965 1583 ab
990 1524 1116 1599 ceteris,
1139 1522 1334 1585 describere.

214 1639 280 1700 Hic
314 1637 525 1718 excipiendae
560 1644 655 1697 erunt
688 1638 811 1714 Μοῖραι
848 1643 879 1697 et
912 1638 1069 1714 Ἐρινύες,
1105 1638 1181 1718 quia
1215 1638 1334 1719 partim

212 1752 254 1814 de
288 1750 339 1813 his
374 1750 436 1812 diis
472 1770 591 1830 magna
622 1757 672 1811 est
702 1749 933 1825 controversia,
957 1751 1075 1831 partim
1098 1751 1134 1812 iis
1158 1770 1233 1811 cum
1256 1750 1334 1810 love

212 1867 245 1928 in
273 1865 456 1941 doctorum,
481 1864 537 1945 qui
561 1863 601 1925 de
625 1861 686 1924 hac
710 1883 744 1924 re
768 1864 976 1944 scripserunt,
1001 1865 1128 1946 scriptis
1150 1864 1192 1925 de
1215 1863 1334 1945 princi·
1367 1934 1371 1941 .

213 1987 291 2061 patu
329 1987 491 2040 certamen
528 1985 586 2040 est.
616 1975 645 2058 1)
680 1976 777 2038 Nunc
808 1975 907 2056 igitur
930 1977 1160 2039 demonstrabo
1184 1976 1334 2059 Aeschy-

212 2093 281 2155 lum
305 2093 460 2174 implicite
485 2091 581 2152 unius
606 2090 658 2151 dei
680 2090 839 2152 cultorem
852 2090 962 2166 luisse,
976 2099 1011 2153 ut
1034 2090 1153 2153 deinde
1177 2091 1275 2154 alte
1289 2112 1335 2154 ro

213 2217 245 2270 et
278 2207 429 2269 tertio
464 2205 608 2286 capite
643 2206 766 2281 Μοῖραι
802 2213 834 2267 et
868 2207 1012 2283 Ἐρινύες
1046 2205 1125 2286 quid
1149 2206 1208 2268 sibi
1234 2206 1335 2268 velint

212 2319 391 2382 ostendam.

258 2431 298 2493 ll.
322 2430 581 2511 Aeschylus,
617 2432 809 2512 quamvis
845 2431 1065 2512 implicite,
1102 2433 1223 2494 unius
1258 2431 1336 2495 dei

212 2542 376 2605 cultor
398 2542 414 2603 f
422 2543 495 2604 uit.
522 2549 561 2587 —'
592 2541 640 2604 Ut
665 2540 834 2603 Homerus
859 2543 924 2603 iam
950 2543 1115 2623 quendam
1139 2546 1337 2609 monotheis-

215 2679 307 2720 mum
332 2655 501 2718 confessus
521 2663 569 2717 est
582 2655 796 2736 (quamquam
808 2653 1065 2736 polytheismum
1086 2644 1334 2739 quodammodo

213 2794 277 2836 non
301 2771 542 2853 excludentem)
567 2770 614 2831 sie
639 2771 730 2832 multi
755 2779 830 2851 post
853 2769 945 2832 illum
971 2773 1162 2853 magistrum
1180 2773 1336 2837 Graeciae

212 2887 299 2959 idem
323 2887 478 2955 fecerunt,
502 2886 584 2946 inter
608 2903 692 2966 quos
717 2882 904 2966 Aeschylus
918 2885 1062 2965 primum
1075 2886 1199 2951 obtinet
1211 2888 1334 2951 locum.

214 3000 319 3062 Zeller
353 3000 385 3060 in
420 2997 580 3079 Aeschyli
616 2996 733 3060 sabulis
769 2999 890 3062 invenit
919 3001 1099 3080 potentiam
1122 3002 1191 3064 sive
1215 3022 1336 3064 numen

214 3114 372 3190 divinum,
407 3113 497 3194 quod
526 3119 638 3174 'unum
674 3114 784 3175 onmia
814 3113 983 3194 gubernet.
1032 3115 1132 3195 Quod
1162 3119 1336 3179 numenei

214 3227 322 3309 potius
346 3228 457 3304 Μοῖρα
482 3234 531 3287 est
551 3247 649 3306 quam
664 3229 752 3296 Zau.
766 3225 796 3307 2)
822 3226 860 3289 L.
874 3225 1026 3290 Schmidt
1037 3229 1115 3292 dicit
1128 3230 1336 3312 Aeschylum

213 3461 524 3526 du·rdncrte....dncipue‚
542 3461 633 3524 Agant.
655 3472 715 3508 122:
735 3459 878 3518 κέλευθος,
897 3462 987 3525 Agom.
1008 3473 1069 3526 252:
1088 3466 1188 3530 μηιρὸς
1207 3465 1336 3531 ειῗφρόνης

213 3557 284 3604 Pers.
302 3567 347 3616 34:
367 3552 499 3610 Asellum...
520 3551 648 3610 ἔπεμψεν.

250 3644 272 3710 1)
298 3647 357 3693 Hoc
385 3650 510 3692 certamen
537 3659 654 3706 magnum
680 3648 777 3706 partem
803 3642 862 3692 inde
886 3649 968 3691 ortum
993 3652 1037 3704 est,
1055 3646 1122 3710 quod
1141 3646 1230 3710 legitur
1248 3648 1336 3699 From.

214 3748 361 3801 517-520:

414 3827 476 3875 XO.
496 3831 536 3884 τίς
554 3814 599 3877 οὖν
618 3827 739 3892 ἀνάγκης
758 3828 831 3875 Solia
849 3827 1051 3893 οἰιικοσῑρόφος,·

415 3919 477 3966 ΙΙΡ.
496 3919 597 3986 Μοῖραι
615 3923 751 3986 ’τρίμορφοι
768 3919 901 3982 μνήμονές
919 3919 943 3964 τ’
960 3917 1092 3984 Ἐρινὺς.

415 4010 477 4057 XO.
495 4013 594 4060 volumi
612 4010 664 4077 ἄρα
683 4010 753 4066 Ζεύς
772 4012 845 4057 ἐστιν
864 4011 1068 4077 ἁσθρνὲσιιριις.

414 4099 477 4147 IIP.
494 4104 587 4152 οὔκουν
606 4102 640 4149 ἂν
658 4103 764 4165 ἐκφύγοι
783 4121 812 4165 γε
834 4106 882 4166 τὴν
900 4104 1086 4168 πεπρωμένην.

249 4194 289 4242 De
307 4191 357 4256 quo
375 4194 431 4242 loeo
449 4196 506 4242 vide
525 4195 596 4245 inlra.

249 4285 273 4349 2)
292 4285 358 4333 Ecce
385 4291 451 4333 totus
485 4286 567 4335 locus:
597 4289 646 4336 Die
665 4288 812 4352 Grundlage
839 4287 901 4336 aller
928 4287 1009 4335 seiner
1036 4289 1266 4352 Ueberzeugungen
1283 4287 1333 4334 bil-

214 4379 257 4426 det
281 4378 321 4425 die
347 4377 482 4426 Ehrlurcht
510 4395 555 4426 vor
581 4380 631 4427 den
656 4382 795 4444 goltlichen
815 4383 941 4440 Muchteu,
967 4381 1007 4429 die
1025 4382 1086 4430 aber
1102 4381 1155 4430 sein
1173 4381 1336 4445 grossartiger
