3106 4822
770 284 831 330 110

396 459 476 536 ἡμᾶς
498 476 532 532 με
555 451 612 533 μέν
636 448 674 531 δὴ
697 454 778 514 ναόν
803 453 832 513 τ’
856 451 1018 534 ἀκήρατον
1042 455 1159 534 σκάφος

392 572 462 649 ἤτοι
486 592 534 639 τις
559 564 729 648 ἐξέκλεψεν
756 570 774 648 'l
794 564 966 652 ’ξῃτήσατο

392 687 468 756 θεός
491 705 550 760 τις,
574 681 630 744 οὐκ
654 683 839 762 ἄνθρωπος,
863 678 970 757 οἰάκο,1
993 682 1107 756 θιγών.

280 801 387 862 Immo
409 806 537 860 tantum
560 795 652 858 abest
677 803 712 858 ut
731 795 906 877 quisquam
926 796 1062 872 dubitet,
1075 795 1153 876 quin
1167 795 1249 857 deus
1261 795 1359 857 etiam

236 912 387 996 procellis
410 920 443 975 et
466 910 642 992 frigoribus
664 910 813 990 imperet,
838 918 882 987 ut,
907 911 963 992 qui
985 919 1080 972 antea
1097 929 1265 990 nunquam
1278 909 1359 970 deos

236 1027 435 1102 credidisset,
444 1030 637 1106 tempestate
648 1032 761 1086 coorta
774 1023 873 1086 deum
887 1023 1074 1105 imploraret
1082 1021 1178 1105 (Pers.
1185 1021 1358 1104 493-499):

625 1136 728 1208 Ινυκτὶ
751 1134 778 1196 δ’
804 1136 838 1198 ἐν
862 1139 966 1221 ταντῃ
990 1138 1065 1208 θεὸς

393 1250 518 1334 χειμῶν’
541 1252 645 1332 ἄωρον
670 1240 759 1331 ὦρσε,
784 1254 943 1329 πήγνυσιν
969 1247 1000 1312 δέ
1024 1257 1091 1310 ποιν

392 1363 520 1446 ῥέεθρον
545 1364 644 1441 ἀμνοῦ
668 1366 862 1445 Στρυμόνος·
886 1366 983 1436 neom
1007 1360 1040 1425 δέ
1065 1386 1113 1435 τι,1

393 1479 429 1539 τό
453 1479 529 1557 πρὶν
553 1476 690 1557 νομίζων
714 1477 852 1558 οὐδαμοῖ)
877 1479 943 1539 τότΙ
968 1481 1082 1560 ηὔχετο

393 1590 523 1669 λιταῖσι,
545 1596 642 1668 μαῖαν
666 1589 800 1674 οὐρανόν
825 1615 857 1654 τε
884 1593 1082 1673 προσκυνῶν.

394 1707 463 1767 ἐπεὶ
487 1702 649 1767 όέπολλόι
674 1688 860 1768 θεοκλυτῶν
886 1707 1052 1770 έπαινσατο

393 1822 539 1902 στρατός,
563 1827 646 1900 περᾷ
670 1816 937 1901 κρυσταλλοπῆγα
961 1818 1014 1881 διὰ
1039 1823 1147 1901 πόρον.

282 1935 374 1998 Deus
410 1935 509 2017 igitur
542 1954 603 1996 sua
636 1934 782 2015 potentia
817 1932 968 1995 homines
1003 1943 1035 1995 et
1070 1952 1178 1995 rerum
1210 1941 1359 1996 naturam

237 2048 475 2131 complectitur,
503 2048 603 2130 idque
626 2055 694 2109 tam
717 2047 870 2129 perfecte,
895 2056 931 2109 ut
953 2046 1083 2109 difficile
1106 2048 1149 2109 sit
1172 2048 1360 2122 diiudicare,

238 2172 310 2225 utra
331 2181 376 2224 ex
397 2168 489 2243 parte
511 2159 592 2223 haec
614 2158 724 2224 divina
747 2160 892 2242 potentia
914 2159 1032 2222 clarius
1056 2160 1191 2223 eluceat.

281 2274 330 2338 At
364 2274 510 2357 potentia
543 2273 595 2336 dei
630 2275 672 2336 ab
707 2272 852 2336 humana
885 2274 1031 2356 potentia
1065 2295 1131 2336 non
1162 2294 1203 2337 eo
1232 2283 1359 2337 tantum

238 2387 355 2465 differt,
388 2388 479 2469 quod
513 2385 595 2448 haec
628 2386 694 2449 fere
729 2386 818 2449 nulla
853 2395 913 2463 est,
944 2387 1000 2449 illa
1023 2406 1100 2450 vero
1124 2386 1257 2462 infinita,
1281 2407 1358 2449 cum

239 2501 320 2564 deus
342 2501 456 2583 possit,
479 2502 713 2583 quodcumque
737 2501 816 2576 vult,
840 2501 1035 2583 legibusque
1058 2509 1191 2565 naturae
1211 2502 1358 2584 imperet,

238 2614 295 2678 sed
319 2615 416 2677 etiam
441 2614 554 2691 modo,
584 2634 651 2696 quo
675 2624 856 2678 exercetur.
904 2617 992 2678 Nam
1015 2618 1040 2678 si
1064 2615 1213 2678 homines
1235 2613 1360 2698 aliquid

237 2728 392 2810 perficere
425 2729 550 2805 volunt,
585 2728 696 2791 labore
731 2729 769 2791 iis
803 2750 841 2791 ac
875 2730 1083 2792 contentione
1106 2750 1191 2811 opus
1214 2739 1273 2804 est,
1296 2729 1360 2792 deo

237 2851 346 2905 autem
370 2842 479 2925 ipsum
501 2841 585 2905 velle
608 2843 673 2905 iam
697 2850 746 2904 est
763 2841 928 2924 perficere.
948 2842 1003 2905 Sic
1016 2844 1103 2904 enim
1117 2863 1169 2905 vv.
1186 2843 1360 2923 578—579

238 2975 281 3017 ex
310 2953 420 3035 Suppl.
444 2956 622 3036 accipiendi
646 2965 737 3020 sunt:

417 3072 552 3150 πάρεστι
575 3067 603 3130 δ’
627 3067 716 3152 ἔργον
739 3068 782 3142 ὥς
805 3067 882 3141 ἔπος

417 3181 554 3243 σπεῦσαί
578 3206 609 3244 τι
635 3185 701 3244 τῶν
725 3180 850 3267 βούλιος
873 3180 957 3264 φέρει
980 3188 1069 3266 φρήν.

283 3296 411 3358 Eodem
435 3296 501 3358 sere
524 3297 617 3374 redit,
641 3285 731 3380 quod
756 3299 834 3361 dicit
856 3298 982 3380 Apollo
1004 3298 1099 3362 Eum.
1122 3296 1314 3378 637—641:

415 3407 527 3491 όνόρός
550 3407 577 3484 δ’
603 3409 734 3475 ἐπειδὰν
759 3405 825 3491 αἷμ’
848 3410 1021 3496 ἀνασπάσῃ
1045 3415 1128 3485 κόνις

415 3522 506 3597 ἅπαξ
528 3528 699 3601 θανόντος,
724 3528 811 3596 οὔτις
836 3523 903 3586 ἔστ’
926 3523 1110 3598 ἀνάστασις.

414 3640 539 3700 τούτων
562 3634 689 3718 ἐπῳδὰς
711 3637 768 3700 οόκ
791 3638 935 3720 ἐποίησεν
960 3641 1067 3719 πατὴρ

416 3752 519 3830 οὑμός,
543 3751 586 3812 τὰ
610 3748 640 3812 δ’
662 3747 749 3812 ἄλλοι
771 3749 872 3812 πάντ’
896 3754 965 3812 ἄνω
990 3751 1057 3838 [τε]
1082 3753 1134 3814 καὶ
1158 3755 1247 3814 κόιτω

415 3861 557 3946 στρέφων
582 3864 724 3944 τίθησιν,
748 3861 839 3926 οὐδέν
864 3864 1053 3945 οἱσθμαίνιυν
1077 3863 1171 3946 μένει.

281 3977 359 4038 Non
383 3977 481 4058 igitur
504 3977 584 4040 deus
608 3987 756 4041 mortuos
775 3979 910 4042 excitari
923 3979 1028 4042 voluit
1039 3979 1143 4063 (quod
1155 3981 1180 4042 si
1194 3980 1362 4054 voluisset,

237 4088 387 4171 poterat),
411 4090 469 4153 sed
494 4092 604 4153 omnia
626 4091 699 4168 alia,
725 4093 744 4153 i.
769 4112 809 4168 e.,
833 4092 859 4154 si
884 4092 973 4155 nulla
985 4092 1040 4158 lex
1054 4094 1362 4158 naturae‘divinitus
1447 4112 1453 4120 ·

238 4204 414 4265 constituta
438 4204 583 4286 impedit,
608 4207 690 4288 regit
713 4205 755 4268 ad
779 4206 948 4269 arbitrium
973 4207 1061 4271 nulla
1084 4208 1203 4271 virium
1226 4216 1361 4271 conten-

239 4317 328 4378 tione
351 4314 507 4380 adhibita.
