3106 4822
761 243 800 306 23

261 417 331 479 Iam
368 414 598 496 intellegimus
635 413 714 495 quid
750 414 810 476 sibi
846 415 924 479 velit
958 416 1037 480 illud
1074 420 1174 500 patris
1210 438 1341 482 nomen.

217 532 297 600 Ζεύς
340 534 412 591 est
451 535 544 611 pater
578 529 732 606 deorum,
769 530 827 591 sed
862 529 980 592 eodem
1015 531 1081 593 fere
1118 532 1238 610 modo,
1275 533 1342 614 quo

218 643 310 707 Deus
350 645 383 706 in
426 643 534 708 Sacris
570 642 678 706 Libris
713 645 819 724 πατὴρ
856 643 921 702 τῶν
957 648 1072 724 φώτων
1102 647 1131 729 Ι)
1168 655 1200 709 et
1235 649 1341 727 πατὴρ

216 763 351 820 πάντων
366 759 400 842 κ)
413 760 596 843 appellatur
609 745 641 822 et
653 758 789 823 Satanas
800 767 891 841 pater
904 760 1062 822 mendacii
1076 761 1202 823 dieitur.
1217 760 1248 843 3)
1262 763 1342 832 Ζεύς

216 883 264 936 est
288 894 387 936 causa
414 875 481 937 sive
504 883 693 956 procreator
716 884 748 938 et
771 883 982 938 conservator
1004 877 1153 937 omnium
1177 895 1286 937 rerum
1309 883 1342 937 et

214 988 397 1063 notionum,
421 987 461 1048 de
476 987 595 1069 quibus
617 994 734 1069 po'e'tae
759 986 874 1050 Graeci
899 989 974 1051 Inde
997 989 1039 1051 ab
1065 989 1215 1050 Homero
1241 997 1277 1051 ut
1301 989 1341 1052 de

215 1102 276 1162 diis
300 1102 496 1164 cecinerunt.
534 1099 634 1182 Quod
658 1122 860 1184 quamquam
883 1123 948 1165 non
973 1103 1080 1164 miuus
1104 1101 1145 1164 ab
1168 1101 1340 1184 Aeschylo

214 1234 314 1296 quam
348 1212 389 1275 ab
423 1214 660 1295 antiquioribus
684 1216 788 1297 poetis
811 1215 935 1278 factum
959 1224 1016 1293 est,
1040 1224 1150 1279 tamen
1174 1237 1234 1279 nos
1257 1216 1340 1279 arbi·

214 1336 340 1391 tramur
367 1347 453 1404 eum,
485 1328 574 1409 quod
599 1329 668 1391 eius
693 1338 761 1392 erat
784 1330 963 1410 ingenium,
990 1351 1056 1393 non
1079 1331 1214 1412 fugisse,
1239 1351 1341 1412 quan·

214 1450 327 1523 topere
362 1443 513 1505 maiestas
549 1443 636 1506 Iovis
659 1457 844 1525 augeretur,
871 1463 1039 1525 quamque
1061 1464 1176 1525 parum
1200 1443 1339 1520 abesset,

217 1556 296 1638 quin
320 1556 436 1638 reliqui
460 1557 503 1617 dii
528 1555 569 1618 ad
594 1577 699 1619 meras
723 1577 774 1619 res
792 1566 892 1639 atque
905 1555 1056 1619 notiones
1070 1558 1340 1639 deprimerentur,

214 1670 240 1732 si
261 1668 369 1750 Ἄρης,
393 1667 573 1751 Ἀφροδίτη,
593 1667 723 1741 Ἥλιο;’
740 1669 830 1751 Ινίκη,
850 1674 1007 1750 Ἐρινοές,
1021 1673 1157 1752 Μοῖραι,
1170 1671 1224 1734 alii
1239 1672 1339 1735 modo

213 1785 304 1859 deos
341 1785 439 1847 modo
463 1806 504 1847 ne
527 1803 684 1866 personas
708 1785 854 1866 quidem,
879 1786 938 1848 sed
962 1805 1013 1846 res
1037 1794 1165 1848 tantum
1190 1795 1223 1848 et
1247 1785 1338 1848 ideas

214 1898 442 1980 significarent.

257 2127 340 2190 Tam
382 2128 513 2208 penitus
556 2128 588 2188 in
634 2125 836 2188 Graecorum
878 2127 995 2189 animis
1036 2126 1191 2190 haerebat
1225 2128 1337 2190 Iovem

213 2262 381 2304 summum
417 2240 527 2316 deum,
563 2241 662 2303 deum
698 2242 775 2298 κατ’·
806 2236 915 2320 ἐξοχὴν
951 2260 1031 2316 esse,
1067 2249 1102 2303 ut
1136 2262 1213 2303 eum
1237 2243 1337 2304 etiam

214 2376 254 2418 re
263 2376 353 2437 gem
377 2353 586 2436 appellarent,
612 2373 678 2434 quo
702 2372 758 2414 eos
783 2352 873 2428 deos
898 2353 953 2434 qui
978 2353 1064 2416 Iovis
1087 2354 1225 2436 patriam
1247 2364 1339 2436 pote-

212 2479 329 2533 statem
353 2469 548 2550 effugerent,
577 2466 790 2530 nihilominus
820 2468 890 2529 eius
914 2469 1067 2549 potestati
1093 2469 1337 2550 subiungerent.

212 2586 365 2661 Nomina,
412 2603 498 2666 quae
536 2582 620 2645 hanc
656 2579 744 2644 Iovis
779 2581 971 2662 dignitatem
1007 2582 1095 2663 apud
1129 2581 1336 2664 Aeschylum

212 2699 403 2781 significant,
439 2706 515 2759 sunt
537 2696 635 2759 haec:
668 2691 818 2779 pararint·
841 2695 885 2776 4),
909 2692 992 2765 ἄναξ
1016 2693 1166 2758 ἀνάκτων
1194 2695 1234 2777 5).
1281 2695 1337 2757 Ab

211 2815 281 2896 ipso
306 2811 512 2885 Promethe0,
537 2813 588 2872 cui
614 2806 770 2886 ,ἔλασσον
794 2809 896 2884 Ζηνὸς
919 2811 940 2886 η’
961 2805 1060 2887 μηδὲν
1084 2804 1192 2887 μέλει”
1217 2808 1334 2891 (From.

211 2933 297 3009 937),
332 2928 412 2996 Ζεύς
446 2925 627 3008 appellatur
662 2925 680 2985 ό
713 2920 781 2993 νέο,1
818 2923 911 2996 ταγὸς
934 2925 1086 3001 μακάρων
1110 2922 1154 3005 6),
1179 2926 1337 3001 πρύτανι,ι

209 3044 361 3120 μακάρων
386 3040 472 3122 7),ο’
506 3040 571 3100 τῶν
608 3041 694 3099 θεῶν
730 3041 888 3116 τιν’ραννο,1
912 3035 955 3116 8),
984 3036 1039 3116 qui
1064 3035 1105 3097 ad
1131 3056 1228 3097 suum
1252 3035 1337 3097 arbi-

210 3157 307 3218 trium
331 3162 447 3235 regnat
470 3152 649 3215 seeundum
673 3170 775 3212 novas
800 3149 889 3232 leges
914 3149 1033 3231 (Ρνοκι.
1063 3150 1157 3231 151):

342 3271 484 3348 ruoppoi,¹
507 3263 538 3326 δὲ
562 3262 598 3343 δὴ
624 3267 729 3343 νόμοις
752 3265 831 3333 Ζεύς
855 3261 983 3334 ἀθέτως
1008 3267 1169 3343 κρατύνει,

208 3496 275 3554 ὅμως
302 3495 329 3542 δ’
356 3495 462 3562 ἀνάγκη
488 3495 576 3562 Ζηνὸς
594 3492 740 3542 αἰδεῖσθαι
758 3491 833 3540 κότον
851 3493 965 3558 ἱκτῆρος·
984 3495 1093 3551 ὕψιοιος
1112 3492 1164 3557 γὰρ
1182 3492 1211 3539 ἓν
1229 3493 1337 3556 βροτοῖς

210 3588 300 3646 φόβος,

245 3683 267 3741 1)
302 3679 383 3744 Epist.
399 3680 487 3743 Jacob.
507 3679 528 3742 I,
549 3691 586 3742 17.

242 3772 267 3836 2)
301 3772 343 3820 Ad
360 3772 454 3836 Ephes.
472 3772 518 3832 IV,
536 3771 559 3820 6.

242 3864 266 3929 3)
300 3864 472 3928 Euang.Joh.
491 3864 567 3922 VIII,
584 3876 624 3923 44,

241 3970 257 4017 4
300 3957 392 4020 Agant.
411 3969 471 4018 3423
488 3956 574 4020 Srrppl.
594 3955 650 4004 286.

241 4324 266 4390 8)
299 4323 331 4370 In
349 4321 436 4371 From.
453 4320 554 4384 passim.
