3106 4822
759 288 800 335 20

216 472 337 526 rantur.
384 461 475 542 Quid
509 459 569 523 hac
592 460 691 541 patris
715 478 797 521 voce
821 458 1041 539 significatur?
1087 459 1164 519 Non
1188 467 1237 520 est
1260 456 1340 528 Ζεύς

209 577 364 639 omnium
399 576 538 638 deorum
571 582 675 655 pater,
711 592 786 635 nam
810 572 880 654 ipse
904 571 1004 634 habet
1026 581 1163 654 patrem,
1189 580 1341 649 matrem,

216 693 339 767 fratres,
375 711 514 766 sororeS,
538 708 680 771 quorum
703 696 806 768 pater,
830 686 957 768 vulgari
981 686 1115 768 quidem
1138 707 1245 764 sensu,
1269 707 1339 748 esse

216 826 282 867 non
314 812 431 887 potest.
478 803 598 883 Neque
631 809 723 884 pater
757 810 807 864 est
845 802 962 884 Φόβου,
985 798 1162 881 Αἰσχύνης,
1185 800 1335 863 aliorum.

215 917 282 980 Sed
316 917 379 979 alio
415 916 558 997 quodam
589 915 689 976 modo
712 912 792 984 Ζεύς
814 922 907 994 pater
931 923 980 976 est
1003 914 1151 990 deorum,
1175 934 1212 975 ac
1237 913 1338 975 homo

217 1044 266 1097 est
288 1040 379 1115 pater
402 1031 580 1094 liberorum
604 1050 750 1093 suorum.
776 1030 864 1092 Nam
887 1051 915 1093 e.
940 1051 989 1110 gr.
1013 1039 1104 1112 pater
1123 1023 1338 1109 eumenum,

215 1169 315 1230 quam
337 1158 446 1211 tamen
470 1146 584 1228 genuit
606 1146 675 1207 sine
700 1153 812 1206 matre.
831 1144 858 1226 1)
884 1145 986 1206 Porro
1006 1153 1098 1227 pater
1118 1153 1168 1207 est
1183 1143 1282 1236 Δίκης
1296 1144 1339 1226 2),

215 1283 417 1344 quamquam
442 1260 523 1322 haec
548 1260 649 1322 modo
673 1259 745 1334 dea,
769 1258 870 1320 modo
894 1279 984 1321 mera
1002 1255 1072 1317 ἴδια
1091 1267 1149 1321 est.
1165 1258 1196 1339 3)
1221 1258 1339 1340 Neque

214 1375 247 1438 hi
282 1376 375 1438 liberi
410 1374 497 1438 Iovis
528 1393 672 1455 unquam
696 1373 827 1435 suerunt
848 1371 987 1454 parvuli,
1011 1372 1067 1434 sed
1092 1394 1111 1435 a
1134 1375 1241 1455 primo
1265 1382 1338 1435 ortu

213 1489 278 1550 iam
290 1488 421 1550 suerunt
432 1485 563 1549 adultae
572 1486 722 1566 virgines.
746 1483 870 1547 Omnes
886 1485 1091 1568 deniquedii,
1102 1485 1256 1568 quiliberi
1266 1497 1342 1550 sunt

215 1600 311 1676 lovis,
344 1607 471 1662 tantum
503 1598 594 1660 liberi
619 1607 696 1660 sunt
719 1598 921 1661 continua
946 1600 1125 1680 quadam
1148 1599 1214 1663 vel
1239 1621 1339 1662 sem-

213 1735 285 1797 per
331 1714 488 1776 iterata
522 1712 847 1794 procreatione,
882 1721 918 1774 ut
951 1713 995 1775 ita
1030 1713 1147 1791 dicam,
1184 1714 1217 1775 id
1248 1715 1338 1796 quod

213 1827 332 1888 summi
355 1834 404 1888 est
428 1825 595 1887 momenti.
621 1824 704 1905 Quis
728 1844 756 1887 e.
780 1845 829 1906 gr.
854 1824 980 1906 Apollo
1001 1834 1050 1888 est
1070 1827 1103 1888 in
1117 1825 1254 1888 sabulis?
1279 1827 1338 1889 Est

213 1940 387 2022 μάιτιςιι),
412 1939 488 2008 Διὸς
513 1938 634 2018 πατρὸς
657 1941 820 2018 προφήτης
836 1937 878 2018 5),
903 1940 958 2019 qui
983 1937 1063 2000 nihil
1087 1940 1163 2004 dicit
1185 1961 1243 2022 per
1266 1962 1337 2003 ora-

214 2054 297 2130 cula,
323 2051 412 2134 quod
437 2051 583 2133 luppiter
605 2071 670 2113 non
694 2051 823 2113 iusserit
847 2051 953 2132 (Ειιιιι.
976 2051 1180 2136 606-608);

394 2163 560 2226 οὐπώποτ’
583 2155 672 2225 εἶπον
695 2171 895 2243 μαντικοῖσιν
919 2166 951 2225 ἐι
976 2169 1113 2244 θρόνοις,

394 2264 452 2326 οὐκ
475 2263 599 2345 ἀνδρὸς,
623 2266 658 2327 οι)
682 2269 842 2344 yvriacum,
866 2264 901 2326 ou
926 2263 1046 2339 πόλεως
1070 2266 1151 2348 πέρι,

391 2370 407 2429 ὃ
430 2371 471 2446 μι)
496 2363 640 2429 aetolum
666 2368 746 2440 Ζεύς
768 2365 958 2447 Ὀλυμπίων
983 2374 1098 2450 πατήρ.

260 2485 302 2547 Et
325 2485 440 2566 fragm.
467 2481 508 2544 86
533 2482 621 2563 (edit.
645 2483 765 2545 Nauck
794 2485 887 2564 1889,
908 2505 940 2566 p.
967 2483 1039 2569 ²3l³

703 2601 810 2657 ταῦτα
832 2597 892 2677 γὰρ
917 2575 1023 2678 norim

391 2713 471 2782 Ζειῖς
495 2709 637 2787 ἐγκαθίει
663 2708 770 2794 Λοξίᾳ
793 2711 1011 2790 θεσπίσματα.

258 2827 342 2890 Cum
375 2827 436 2889 hac
470 2847 504 2888 re
538 2827 699 2907 congruit,
735 2827 825 2908 quod
859 2825 979 2888 chorus
1008 2825 1140 2907 Clzee'plr.
1177 2827 1242 2906 766
1274 2849 1334 2910 pro

213 3025 303 3074 Theol.
338 3042 363 3089 p.
399 3024 454 3087 137)
481 3025 530 3073 hoc
548 3040 640 3073 nomen
658 3025 689 3073 ad
709 3041 798 3074 omnes
813 3027 875 3074 deos
892 3027 1014 3090 pertinere
1033 3033 1115 3089 putat:
1135 3027 1250 3084 „...wie
1268 3027 1336 3074 denn

212 3117 252 3165 bei
277 3116 416 3179 Aeschylus
440 3116 479 3166 die
509 3117 596 3164 Gotler
621 3117 764 3180 uberhaupt
780 3117 837 3165 und
851 3117 879 3165 ιἰι
898 3118 970 3165 ihrer
994 3117 1175 3166 Gesommllcril
1192 3117 1332 3181 Διογενεῖς

212 3214 324 3273 genennt
342 3207 450 3268 werden,
469 3207 495 3255 S.
512 3206 561 3255 Th.
580 3219 626 3269 301
647 3205 726 3272 (283),
744 3208 831 3272 Suppl.
849 3209 899 3270 630
916 3208 993 3274 (614),

248 3303 269 3361 1)
288 3297 367 3346 Eum.
386 3297 531 3362 653-656:

447 3387 548 3455 Πατὴρ
567 3387 617 3447 μὲν
635 3387 669 3435 ἂν
689 3389 785 3452 γένοιτ’
806 3389 872 3439 ἄνευ
890 3391 1000 3456 μητρός·
1017 3390 1103 3448 nilne

414 3485 420 3497 ·
444 3468 548 3533 μάρτυς
565 3467 681 3533 πάρεστι
699 3477 763 3525 ιιιιῖς
780 3467 932 3527 Ὀλυμπίου
950 3470 1025 3528 Διὸς,

446 3547 504 3596 oul‘
524 3548 552 3594 ἓν
572 3546 684 3595 σκότοισι
702 3547 801 3612 νηδύος
819 3550 1009 3615 τεθραμμένη,

447 3627 507 3675 ἀλλ’
525 3622 578 3675 οἷον
598 3626 671 3693 ἔρνος
688 3629 761 3684 οὗτος
779 3628 813 3676 ἂν
832 3630 901 3676 τέκοι
921 3629 993 3685 θοός.

245 3707 269 3773 2)
305 3709 371 3772 Sept.
388 3705 450 3769 645:
470 3708 486 3770 ἡ
505 3707 569 3762 Διὸς
587 3715 652 3763 truce
670 3707 812 3773 ιἰιιρθιίὀς
831 3709 914 3773 Δι’κη,Ι
936 3707 1041 3771 Choe'er.
1061 3720 1125 3769 941:
1144 3706 1208 3764 Διὸς
1227 3708 1300 3773 κόμα.

245 3799 269 3862 3)
296 3799 466 3864 thelsbuch,
492 3799 525 3846 N.
553 3798 589 3846 1-1.
615 3798 714 3861 Theol.‚
739 3815 763 3862 p.
791 3809 854 3861 345:
881 3798 932 3863 „So
959 3798 989 3846 ist
1015 3798 1056 3846 (lie
1074 3798 1240 3862 allegorische
1258 3799 1336 3864 Dite,

211 3905 283 3938 weun
318 3891 385 3938 diese
419 3890 497 3955 struit,
530 3907 550 3938 z.
577 3891 606 3938 B.
632 3891 725 3940 Aesch.
743 3890 856 3955 Choeph.
875 3904 924 3954 949
941 3890 1010 3955 (936)
1028 3890 1061 3953 ff.,
1079 3891 1200 3954 lediglich
1218 3891 1335 3939 Personi-

210 3981 311 4030 ficution
338 3982 384 4030 der
410 3982 657 4047 Strasgerechtigkeit
682 3983 727 4031 des
753 3983 824 4047 Zeus,
842 3983 929 4031 dessen
948 3982 1058 4031 Tochter
1078 3982 1114 4031 sie
1131 3982 1163 4030 ist
1181 3983 1232 4029 und
1251 3983 1336 4032 Beisit·

209 4071 284 4131 zerin‚
302 4072 353 4134 vgl.
372 4073 462 4123 Aesch.
482 4074 551 4138 Sept.
570 4075 618 4123 ⁶62
638 4073 790 4140 (743)....”

240 4163 268 4229 4)
284 4164 373 4227 Agant.
395 4165 465 4229 1156,
486 4166 592 4230 Choe'lllc.
612 4167 668 4232 546,
686 4167 764 4218 Eum.
787 4166 824 4217 18.

243 4253 267 4318 5)
286 4254 364 4303 Eum.
386 4269 428 4319 19:

475 4348 539 4405 Διὸς
559 4351 698 4415 προφήτης
717 4348 742 4395 δ’
763 4350 819 4396 ἐστὶ
838 4349 935 4405 Λοξία,-
955 4348 1067 4413 ιιιιιμός.
