3106 4822
756 279 796 357 38

209 467 379 552 permagni
404 472 474 531 vest
509 464 676 540 momenti,
711 465 818 546 primo
853 483 929 527 cum
963 464 995 526 in
1030 463 1092 526 hac
1128 461 1238 528 subula
1272 485 1339 528 non

212 583 253 644 de
288 578 425 661 singulis
461 578 607 658 personis
642 576 699 638 sed
735 577 776 638 de
810 578 887 639 totis
917 577 1048 659 populis
1072 585 1189 659 agatur
1211 577 1339 661 deaque

212 697 341 774 Μοῖρα,
382 693 408 754 si
440 712 551 755 revera
580 699 710 754 exstare
739 699 918 773 putaretur,
953 692 1135 777 potentiam
1170 713 1276 771 suam,
1311 695 1338 756 si

213 809 320 870 minus
355 806 388 869 in
421 805 529 887 parvis
566 803 673 880 rebus
708 812 742 866 at
775 812 862 867 certe
897 805 929 866 in
964 806 1091 886 magnis
1116 806 1340 894 demonstrare

213 920 362 997 debebat,
398 927 469 981 tum
503 919 610 995 etiam,
635 919 712 999 quia
734 918 933 1002 Aeschylus
958 918 1014 981 ubi
1038 928 1271 1001 argumentum
1295 942 1339 983 ex

214 1034 421 1117 mythologia
450 1032 510 1095 sibi
534 1040 727 1113 sumpserat,
750 1031 902 1114 perfacile
925 1032 980 1095 tali
1003 1031 1134 1095 fabulae
1157 1054 1273 1096 omnes
1298 1036 1340 1097 de

213 1149 273 1210 diis
307 1149 431 1227 μύθους
465 1147 609 1208 intexere
642 1153 781 1228 poterat,
816 1166 892 1207 cum
927 1154 1037 1211 tamen
1073 1146 1259 1211 celebrabat
1290 1168 1338 1226 ea,

214 1281 298 1344 quae
328 1280 440 1324 revera
463 1267 561 1341 atque
584 1260 685 1341 ipsius
708 1265 824 1341 poetae
847 1266 952 1321 aetate
975 1258 1060 1322 lacta
1084 1251 1184 1337 eiant,
1209 1282 1340 1324 summa

216 1375 344 1438 occasio
376 1375 404 1436 ei
435 1372 631 1435 oflerebatur
654 1393 733 1435 suae
756 1372 797 1435 de
820 1392 951 1435 summo
974 1373 1038 1436 deo
1061 1375 1239 1437 sententiae
1264 1395 1338 1456 pro-

221 1489 357 1551 dendae.
382 1485 449 1550 Sed
472 1488 537 1549 iam
559 1487 601 1550 ad
626 1485 749 1567 Septem
771 1487 973 1568 tragoediam
997 1489 1239 1569 aggrediamur.

257 1603 294 1664 In
323 1600 385 1663 hac
409 1600 577 1683 tragoedia
600 1620 667 1664 vox
690 1605 785 1679 μοῖρα
809 1601 950 1663 occurrit
972 1623 1025 1664 vv.
1048 1603 1126 1682 489,
1151 1616 1340 1682 922-923,

218 1727 294 1796 955.
340 1713 507 1777 Sententia
539 1722 620 1789 tota,
653 1715 686 1776 in
718 1735 783 1796 qua
806 1735 836 1778 v.
860 1716 928 1794 489
949 1718 1045 1794 μοῖρα
1069 1716 1268 1792 nominatur,
1293 1725 1343 1779 est

219 1829 301 1891 haec
325 1828 389 1912 (vv.
413 1827 622 1910 487—491):

417 1937 587 2024 ίὙπέρβιος
610 1936 643 2001 δὲ
668 1936 775 2012 κεδνὸς
801 1936 939 2013 Οἴνοπος
963 1942 1053 2014 τόκος

419 2051 497 2134 ἀνὴρ
522 2049 594 2113 κατ’
617 2049 722 2134 ἄνδρα
747 2054 861 2114 τοῦτον
887 2050 996 2137 ᾑρέθη,
1022 2050 1128 2115 θέλων

417 2167 613 2248 ἐξιστορῆσαι
636 2170 751 2248 μοῖραν
777 2167 810 2228 ἐν
835 2166 924 2249 χρεία
948 2171 1055 2249 τύχης,

418 2282 486 2342 οὔτ’
510 2273 592 2353 εἶδος
615 2285 688 2344 οὔτι
713 2283 819 2362 θομόν
844 2285 917 2345 οὔθ’
939 2279 1050 2344 ὅπλων
1075 2279 1178 2363 σχέσιν
1235 2287 1238 2291 ’
1266 2335 1269 2340 ,

387 2415 388 2418 ’
416 2398 573 2477 μωμητός,
596 2396 715 2477 Ἑρμῆς
738 2393 766 2457 δ’
789 2393 924 2473 εὐλόγως
948 2400 1135 2475 συνήγαγεν.

263 2511 339 2580 Hoc
370 2511 445 2573 loco
475 2514 568 2590 μοῖρα
592 2509 772 2592 significare
794 2518 903 2593 potest
925 2511 941 2572 f
948 2519 1022 2574 atu
1037 2531 1070 2572 m
1093 2518 1126 2572 et
1147 2519 1343 2585 sortem,

218 2626 277 2688 sed
301 2627 369 2688 sive
392 2624 483 2701 haee,
507 2626 577 2688 sive
600 2624 653 2687 illa
676 2625 783 2688 versio
807 2625 913 2707 magis
935 2624 1053 2707 placet,
1078 2631 1218 2704 utroque
1242 2625 1343 2687 modo

217 2745 310 2821 μοῖρα
334 2749 421 2802 caret
443 2739 509 2802 vita
532 2739 769 2822 significatque¹
784 2738 828 2815 id,
859 2739 949 2820 quod
974 2738 1127 2801 divinitus
1150 2746 1199 2801 est
1222 2740 1344 2801 consti·

218 2862 336 2928 tutum,
369 2862 405 2916 ut
439 2862 583 2935 apparet
606 2874 648 2915 ex
685 2852 734 2915 his
762 2851 880 2931 Ἑρμῆς
911 2848 1076 2927 δἐὐλόγως
1107 2857 1286 2931 συνήγαγον
1316 2857 1344 2930 1)

220 2976 252 3030 et
276 2987 319 3029 ex
343 2967 444 3031 verbo
468 2967 557 3049 quod
581 2976 630 3029 est
654 2964 859 3046 ἐξιστορῆσαι.

260 3080 323 3142 Vv.
348 3097 523 3161 922-923
549 3080 691 3162 legitur:

464 3192 568 3275 ἔχουσι
590 3199 706 3274 μοῖραν
732 3191 895 3275 λαχόντος,
921 3183 979 3279 [ὦ]
1002 3191 1116 3273 μέλεοι,

467 3304 638 3368 διοσδότων
663 3306 775 3390 ἀχέων.

264 3424 300 3485 In
324 3421 388 3484 hoc
410 3442 506 3486 versu
530 3428 622 3503 μοῖρα
646 3431 695 3486 est
719 3444 811 3486 sors
830 3433 887 3487 aut
907 3443 1016 3506 pars.
1040 3421 1075 3486 Si
1095 3422 1346 3504 interpretamur

222 3546 354 3612 sortem,
389 3533 560 3597 ciconinum
596 3535 699 3618 οέχὲων
736 3545 785 3599 est
820 3538 992 3618 genetivus
1025 3537 1270 3618 epexegeticus,
1295 3536 1344 3598 sin

219 3659 357 3732 partem,
391 3654 561 3733 genetivus
592 3653 772 3733 partitivus
822 3651 886 3713 Hic
910 3652 1008 3731 igitur
1030 3655 1126 3731 μοῖρα
1150 3670 1216 3713 non
1240 3650 1345 3731 magis

221 3773 270 3827 est
299 3783 451 3846 persona,
486 3788 585 3849 quam
617 3767 647 3828 in
672 3786 712 3827 eo
735 3786 841 3842 versu,
857 3758 907 3827 ‘de
931 3784 998 3846 quo
1022 3784 1121 3845 supra
1144 3762 1203 3825 suit
1226 3783 1345 3839 sermn,

223 3912 466 3925 —ffl——o-——u

257 4003 280 4060 1)
315 4001 387 4062 Quae
411 4002 497 4065 opinio
521 4018 571 4050 nou
590 4018 620 4051 eo
638 4002 791 4065 debilitatur,
809 4001 876 4066 quod
892 3989 999 4068 Ἑρμῆς
1016 4001 1083 4049 hanc
1100 4015 1175 4049 unam
1193 3999 1227 4047 ob
1244 4014 1347 4048 causam

221 4091 264 4140 hic
289 4092 440 4154 nominatur,
465 4093 522 4157 quia
548 4100 672 4142 certamen
700 4094 731 4142 ad
761 4093 857 4142 nullum
883 4093 957 4143 deum
982 4092 1066 4157 potius
1091 4092 1196 4141 refertur
1220 4107 1295 4156 quam
1314 4092 1346 4140 ad

219 4181 328 4250 Ἕρμῇν
346 4182 468 4246 ἀγώνιον,
487 4185 512 4232 ἰι]
529 4185 597 4247 quorl
609 4186 747 4249 Aeschylus
764 4201 795 4234 eo
813 4185 910 4233 facilius
928 4185 1010 4233 facere
1027 4185 1116 4248 potuit,
1134 4199 1191 4232 cum
1209 4183 1347 4232 Mercurius

222 4272 344 4337 imprimis
371 4272 439 4320 lovis
465 4281 529 4323 esset
556 4275 664 4324 nuntius,
683 4276 748 4327 Vide
767 4277 825 4326 Chr.
844 4277 946 4326 Scherer
966 4277 992 4325 in
1009 4277 1050 4328 W.
1070 4277 1104 4324 H.
1123 4275 1244 4325 Roscheri
1266 4274 1348 4324 lexico

223 4379 242 4418 s.
260 4380 283 4412 v.
303 4363 419 4417 Hermes.
