3106 4822
729 273 790 332 1¹4

256 441 416 522 Quamvis
451 442 549 522 igitur
579 441 727 503 celeriter
758 439 838 503 haec
870 442 1046 515 evenerint,
1072 442 1200 505 Dareus
1224 453 1333 506 tamen

211 556 364 618 credebat
398 556 496 617 deum
531 575 569 618 ea
603 564 680 637 post
709 555 845 636 longum
870 556 1002 618 demum
1027 564 1158 637 tempus
1181 557 1335 638 perficere

210 669 368 751 potuisse,
392 668 424 730 id
448 669 534 731 enim
559 668 720 750 sperabat.

257 781 357 862 Quod
381 782 422 843 ad
447 802 599 863 praesens
622 790 763 862 tempus,
788 781 839 843 dei
864 784 1032 845 scientiam
1057 782 1215 846 infinitam
1226 784 1333 865 putari

211 897 285 959 inde
319 895 455 959 efficitur
482 900 521 973 1),
556 895 644 977 quod
668 915 783 957 omnes
805 895 870 957 fere
894 895 1042 958 homines
1067 895 1245 978 Aeschylei
1271 897 1334 959 deo

211 1020 393 1092 precantur,
437 1009 594 1091 quodque
637 1029 694 1090 per
736 1017 851 1086 artem,
887 1030 987 1092 quam
1023 996 1138 1073 Graeci
1175 1012 1334 1090 μαντικὴν

210 1122 427 1205 appellabant,
452 1123 679 1204 quaerebatur,
701 1142 786 1204 quae
804 1123 855 1184 dei
870 1132 955 1185 esset
966 1124 1128 1187 voluntas.
1155 1125 1243 1186 Nam
1257 1145 1333 1186 cum

211 1237 310 1300 deum
333 1236 557 1318 imploramus,
581 1235 745 1298 credimus
769 1237 867 1299 deum
891 1257 951 1299 nos
966 1239 1055 1320 ipsos
1069 1258 1166 1300 nosse
1178 1248 1210 1300 et
1222 1238 1334 1300 audire

211 1360 382 1433 precantes
416 1359 448 1411 et
483 1358 667 1412 nostrarum
691 1369 800 1412 rerum
823 1351 1002 1432 perfectam
1027 1352 1147 1414 habere
1172 1352 1334 1425 notitiam,

211 1463 302 1546 quod
326 1465 413 1526 idern
439 1464 479 1524 de
502 1472 570 1525 arte
593 1463 791 1526 vaticinandi
816 1464 880 1526 dici
902 1473 1024 1546 potest.

255 1579 358 1640 Vides
393 1579 491 1658 igitur
526 1577 606 1639 illud
642 1575 823 1639 humanum
848 1573 953 1638 πολλὰ
978 1574 1096 1639 sidium
1120 1578 1208 1659 apud
1233 1579 1332 1640 deum

212 1693 242 1752 in
268 1695 380 1751 πάντα
404 1687 519 1751 εἰδέναι
544 1690 685 1752 extendi.
710 1689 822 1771 Quare
841 1693 930 1772 quod
942 1694 983 1753 ad
997 1690 1140 1756 divinam
1153 1693 1332 1767 scientiam,

211 1804 292 1866 haec
329 1805 464 1867 minime
500 1803 646 1886 impedit,
694 1804 773 1884 quin
814 1803 896 1867 deus
932 1806 1200 1886 perfectissimam
1236 1807 1333 1868 etiam

212 1917 331 1980 habeat
366 1919 569 2000 sapientiam.
616 1914 682 1979 Sed
719 1918 760 1979 de
794 1916 855 1979 hac
891 1920 954 1980 iam
985 1919 1164 1995 videamuS,
1196 1919 1277 2001 quid
1300 1920 1333 1979 in

210 2029 369 2114 Aeschyli
393 2030 571 2112 tragoediis
595 2030 788 2092 inveniatur.

255 2261 330 2343 Qua
364 2258 513 2322 homines
542 2260 646 2322 ornati
670 2268 746 2321 sunt
769 2259 936 2340 sapientia,
961 2256 1046 2320 hanc
1069 2278 1201 2320 omnem
1225 2279 1244 2319 a
1267 2257 1331 2319 deo

210 2383 416 2457 acceperunt,
451 2395 527 2436 nam
561 2373 641 2434 nihil
675 2373 823 2454 cogitant
855 2381 912 2434 aut
946 2381 1058 2455 agunt,
1093 2371 1153 2433 nisi
1177 2371 1331 2434 divinitus

211 2489 354 2570 instigati
388 2485 468 2571 (Cir.
500 2488 585 2550 Pers.
610 2486 673 2567 763
698 2495 730 2548 et
754 2486 873 2565 Agam.
897 2488 1084 2567 891-892,
1109 2507 1193 2569 quos
1218 2506 1331 2547 versus

209 2623 241 2685 p,
265 2603 325 2664 108
351 2600 504 2682 laudavi).
530 2599 629 2663 Unde
651 2608 741 2681 patet
764 2599 862 2661 deum
886 2601 992 2661 omnis
1016 2600 1194 2680 sapientiae
1207 2599 1330 2660 sontem

210 2724 242 2778 et
264 2723 432 2778 auctorem
456 2733 536 2775 esse.
562 2712 605 2774 Et
629 2732 707 2774 sane
734 2711 856 2794 Apollo
879 2713 971 2791 σοφὸς
995 2713 1110 2775 dicitur
1133 2712 1226 2773 Eum.
1252 2726 1332 2790 275:

344 2831 458 2905 φωνεῖν
483 2827 625 2907 ἐτάχθην
649 2825 725 2908 πρὸς
748 2834 845 2902 σοφοῦ
869 2822 1073 2887 διδασκάλου·

211 2945 289 3005 item
313 2942 461 3004 Minerva
483 2940 577 3003 Eum.
601 2957 686 3019 427:

302 3058 373 3116 XO.
410 3058 479 3124 πῶς
503 3051 553 3131 δή,·
578 3050 714 3126 δίδαξον·
739 3054 802 3118 τῶν
826 3055 931 3134 σοφῶν
953 3055 1014 3134 γὰρ
1037 3052 1082 3121 οὐ,
1097 3054 1176 3136 πένῃ

257 3168 352 3250 Quae
377 3178 487 3230 tamen
511 3189 546 3229 se
569 3189 663 3230 suam
687 3169 878 3250 sapientiam
900 3170 943 3232 ab
967 3168 1047 3232 Iove
1069 3171 1233 3251 accepisse
1256 3171 1335 3234 dicit
1400 3147 1402 3150 ι

210 3283 305 3348 Εννι.
330 3283 409 3362 834:

343 3387 466 3465 φρονεῖν
489 3379 522 3443 δὲ
546 3381 638 3462 κοῖμοὶ
661 3384 740 3453 Ζεὺς
764 3380 879 3446 ἔδωκεν
903 3383 939 3445 οὐ
964 3385 1077 3456 κακῶς.
1104 3385 1135 3468 2)

255 3499 334 3569 Ζεύς
367 3497 466 3579 igitur
500 3516 664 3559 summam
699 3495 797 3559 habet
831 3498 1033 3579 sapientiam,
1066 3518 1164 3580 quarn
1197 3500 1239 3560 ob
1264 3519 1333 3560 rem

210 3613 316 3674 Prom.
340 3609 472 3673 61-62
496 3612 626 3689 Κρόιτο,1
651 3610 727 3672 dicit
740 3610 973 3673 Prometheum
987 3611 1094 3673 minus
1107 3632 1222 3693 sapere
1235 3611 1333 3674 love:

389 3725 441 3783 καὶ
464 3719 557 3800 τήνδε
583 3730 637 3788 νῦν
662 3727 829 3802 πόρπασον
852 3720 1012 3802 ἀσφαλῶς,
1034 3725 1090 3788 ἵνα

388 3841 479 3919 μάθῃ
504 3840 653 3916 οοφιοτὴ,ι
677 3835 720 3900 ὠν
745 3839 821 3908 Διὸ;
847 3836 1049 3919 νωθέστερος.

256 3950 352 4031 Quae
374 3961 482 4013 autern
508 3961 558 4014 est
581 3953 641 4013 ista
664 3952 752 4013 Iovis
776 3952 956 4033 sapientia?
982 3951 1058 4013 Hoc
1081 3972 1147 4014 non
1169 3951 1262 4013 facile
1285 3959 1334 4011 est

246 4147 268 4197 1l
287 4148 351 4195 Eam
369 4149 420 4196 iarn
437 4163 468 4196 ex
485 4148 526 4196 dei
543 4148 655 4212 potentia
673 4148 811 4196 derivatam
829 4147 888 4195 vide
905 4163 930 4211 p.
952 4160 1006 4210 113.

245 4240 270 4299 a)
288 4239 331 4287 Sic
348 4239 444 4302 Apollo
462 4255 492 4286 eo
510 4247 606 4287 tantum
625 4241 699 4296 σοφὸς
718 4238 886 4295 διδάσκαλος
903 4239 937 4295 fir,
954 4238 1022 4302 quod
1039 4237 1110 4293 Ζεὺς
1126 4238 1178 4285 eius
1196 4237 1334 4283 διδάσκα-

213 4317 255 4373 λος
274 4325 317 4365 esi.
