3106 4822
769 308 806 375 r4

220 502 301 564 pora
331 483 485 545 dixerunt
513 481 565 545 vel
602 483 810 565 scripserunt,
828 556 830 560 ¹
848 485 930 547 inter
953 487 1037 568 quae
1060 486 1180 566 placita
1203 486 1346 568 philoso-

219 593 361 677 phorum
406 594 566 677 Aeschyli
612 596 799 680 aequalium
844 599 987 678 primum
1032 599 1180 662 obtinent
1224 574 1346 662 locum

220 707 297 773 Fuit
329 718 439 772 tamen
473 716 571 791 poeta
599 710 799 793 religiosior,
835 730 934 792 quam
955 720 1007 774 ut
1031 711 1161 774 illorum
1185 713 1342 788 virorum,

220 825 283 904 qui*
312 844 468 905 magnam
501 834 627 906 partem
662 825 800 887 deorum
835 833 1077 905 contemptores
1108 832 1199 886 erant
1229 824 1270 906 (e.
1295 846 1345 906 gr.

219 935 405 1021 Sophistae)
436 938 474 1022 1),
499 938 600 1002 libere
623 939 717 1002 dictis
740 938 959 1002 assentiretur.
1001 940 1157 1014 Fuerunt,
1183 939 1238 1020 qui
1262 937 1346 1001 affir-

220 1060 355 1128 marent,
380 1060 416 1114 ut
440 1052 627 1129 Pindarum,
651 1053 699 1115 sic
722 1051 929 1135 Aeschylum
952 1073 1087 1135 quoque
1100 1052 1345 1133 Pythagoreum

217 1165 329 1241 fuisse,
363 1167 453 1249 quod
490 1167 609 1249 legitur
642 1167 730 1249 apud
766 1165 959 1230 Ciceronem
995 1167 1092 1228 Tusc.
1119 1166 1202 1253 disp.
1226 1163 1267 1241 ll,
1288 1181 1341 1228 10:

219 1279 372 1356 „Veniat
396 1280 598 1363 Aeschylus,
622 1301 688 1343 non
711 1288 808 1362 poeta
832 1281 952 1359 solum,
976 1281 1033 1343 sed
1058 1281 1156 1342 etiam
1182 1279 1345 1362 Pythago·

220 1413 305 1470 reus,
333 1395 387 1456 sic
407 1395 504 1457 ,enim
536 1392 752 1477 accepimus.''
800 1394 915 1458 Cicero
946 1393 1047 1476 igitur
1070 1402 1196 1456 tantum
1220 1394 1346 1475 accepit

216 1506 423 1589 Aeschylum
466 1508 723 1590 Pythagoreum
747 1509 855 1585 fuisse,
897 1507 986 1570 aliud
1010 1528 1077 1588 quo
1104 1508 1224 1571 nitatur
1240 1527 1345 1588 ¹argu·

220 1630 369 1686 mentum
393 1643 458 1685 non
482 1621 589 1686 habet.
605 1623 690 1703 Quo
714 1643 915 1706 quamquam
939 1643 1008 1685 rem
1033 1622 1096 1696 „ad
1120 1621 1197 1684 nihil
1211 1620 1343 1684 reduci”

222 1756 299 1798 cum
323 1736 362 1800 R.
389 1737 501 1818 Haym
526 1738 569 1820 (p.
589 1737 639 1815 16)
652 1737 849 1800 contendere
861 1734 987 1812 dubito,
1001 1745 1110 1798 tamen
1123 1756 1167 1798 ex
1180 1733 1342 1816 Aeschyli

216 1849 393 1930 tragoediis
429 1849 558 1912 difficile
594 1851 654 1931 erit
689 1850 816 1913 efficere
851 1870 928 1912 eum
965 1848 1207 1934 Pythagoreum
1231 1848 1343 1911 luisse.

220 1961 317 2024 Plura
354 1963 395 2024 de
429 1961 491 2026 hac
526 1983 560 2025 re
596 1965 670 2026 vide
693 1964 781 2047 apud
807 1963 932 2045 Haym,
955 1983 988 2044 p.
1017 1963 1066 2026 16.
1093 1962 1185 2025 Haec
1209 1961 1250 2023 de
1273 1961 1343 2023 fon·

216 2076 303 2138 tibus
326 2075 486 2158 Aeschyli
511 2076 682 2143 sufficiant.
748 2115 753 2121 -

261 2190 420 2272 Proposui
455 2199 565 2253 autem
602 2191 680 2253 mihi
718 2211 797 2253 uno
828 2191 948 2253 libro
972 2191 1014 2253 de
1037 2191 1146 2253 divina
1169 2199 1284 2254 natura
1307 2190 1340 2251 in

216 2323 251 2365 se
282 2311 426 2385 spectata
449 2304 566 2380 dicere,
592 2305 634 2366 ita
658 2313 694 2366 ut
716 2304 852 2385 primo
876 2305 1014 2385 capite
1037 2325 1205 2386 quaeram,
1230 2313 1342 2366 utrum

216 2415 405 2498 Aeschylus
451 2436 553 2479 unum
598 2438 661 2480 an·
686 2416 924 2498 plures—,deos
971 2437 1044 2479 esse
1089 2418 1324 2481 existimaverit
1333 2438 1341 2493 ;

215 2530 440 2607 secundo,
475 2530 554 2612 quid
586 2528 757 2612 Aeschylo
781 2531 821 2593 sit
845 2550 1014 2593 summum
1038 2549 1169 2605 numen,
1195 2528 1276 2599 Ζεύς
1299 2550 1341 2591 an

214 2646 327 2725 Μοῖρα
367 2643 529 2728 (Fatum);
564 2645 617 2707 cui
653 2645 752 2726 capiti,
784 2643 1129 2708 tertiumuaddam
1164 2642 1205 2704 de
1241 2642 1341 2714 Diris,

214 2759 350 2839 Μοιρῶν
384 2760 558 2836 sororibus,
595 2780 679 2841 quae
716 2759 808 2841 ipsae
843 2778 976 2841 quoque
1006 2757 1083 2820 Iove
1107 2757 1247 2819 maiores
1271 2776 1342 2818 esse

214 2875 383 2950 dicuntur;
419 2883 590 2956 quarto
622 2873 764 2954 denique
788 2873 892 2953 capite
917 2872 958 2933 de
981 2871 1126 2933 numinis
1150 2871 1246 2942 divini
1270 2872 1340 2931 exi·

213 2988 316 3049 stendi
351 2989 475 3051 ratione
511 2989 646 3064 dicetur,
672 2987 690 3052 i.
714 3007 742 3048 e.
768 2995 953 3068 quaeretur,
977 2987 1060 3049 sitne
1083 2985 1164 3047 deus
1188 3005 1341 3066 persona,

215 3110 324 3164 utrum
358 3102 400 3163 sit
433 3101 549 3183 aliquis
583 3122 624 3164 an
655 3101 765 3183 potius
790 3100 926 3182 aliquid,
951 3100 1060 3181 deque
1083 3101 1152 3161 eius
1176 3101 1342 3161 immorta-

213 3216 302 3278 litate
325 3223 357 3277 et
378 3216 567 3278 aeternitate
591 3223 716 3295 agetur.
743 3213 873 3276 Deinde
895 3215 937 3275 al
952 3222 1055 3275 tero
1079 3211 1111 3274 li
1126 3214 1147 3275 b
1162 3216 1209 3274 ro
1233 3212 1340 3274 dicam

140 3380 141 3383 η
213 3329 253 3391 de
289 3328 398 3390 divina
434 3328 547 3390 mundi
584 3328 778 3410 generisque
814 3316 948 3389 humani
973 3326 1210 3408 gubernatione
1233 3325 1341 3407 deque

213 3443 265 3504 dei
301 3441 484 3517 virtutibus
521 3460 604 3522 quae
640 3440 672 3501 in
696 3438 757 3502 hac
781 3440 1018 3523 gubernatione
1038 3437 1178 3503 elucent.
1224 3436 1341 3519 Itaque

217 3557 369 3639 primo
404 3554 1040 3636 capiteagamdedivinapotentia,
1065 3555 1275 3615 secundo
1299 3553 1341 3614 de

212 3670 263 3732 dei
288 3670 421 3732 scientia
444 3678 477 3732 et
500 3669 665 3751 sapientia,
688 3669 844 3731 tertio
868 3669 909 3729 de
933 3669 1002 3730 eius
1026 3668 1196 3749 sanctitate
1220 3667 1344 3729 iustitia*

211 3783 356 3861 veritate,
380 3793 553 3865 quarto
577 3783 618 3844 de
641 3783 711 3844 eius
735 3783 890 3844 bonitate.

247 3984 269 4043 1)
288 3983 328 4032 W.
347 3981 430 4031 Christ
447 3981 549 4047 (Gesch.
568 3981 612 4031 der
628 3998 666 4046 gr.
686 3981 753 4041 Litt,
771 3997 796 4045 p.
817 3982 872 4041 179)
891 3979 1000 4028 scribere
1018 3993 1090 4026 ausus
1108 3985 1159 4027 est:

242 4073 313 4130 „Der
338 4081 436 4136 strenge
463 4075 605 4122 Aristokrat
632 4074 684 4123 uml
712 4073 851 4137 Anhttnger
868 4071 913 4119 der
931 4071 997 4118 alten
1015 4070 1139 4134 Ordnung
1158 4087 1210 4127 war
1227 4071 1339 4121 ohnehin

210 4165 348 4212 verstlmmt
373 4164 453 4213 durch
479 4165 524 4213 clas
553 4163 754 4229 Umsichgreilen
772 4164 816 4212 der
834 4162 998 4211 Demokratie
1016 4163 1069 4210 und
1087 4163 1132 4210 der
1146 4162 1339 4227 Sophistischen

210 4256 382 4320 Aulklttrung,
400 4256 442 4303 die
460 4256 513 4304 ihm
530 4257 572 4304 die
590 4255 720 4320 grolleude
743 4255 826 4319 Klage
845 4255 905 4302 tiber
922 4255 965 4302 die
984 4269 1065 4301 neuen
1083 4253 1170 4301 Gotter
1180 4254 1230 4301 und
1240 4254 1338 4317 Tyran-

210 4362 259 4396 nen
277 4348 312 4395 im
330 4347 492 4395 Prometheus
510 4347 560 4394 und
579 4348 603 4394 in
621 4347 670 4393 den
689 4346 850 4393 Eumeniden
868 4344 1023 4393 entlockte''.
