3106 4822
748 257 808 321 140

260 425 299 486 In
328 424 432 489 Persis
455 426 595 510 denique
619 427 660 490 de
684 428 804 491 invidia
827 429 965 493 deorum
990 450 1097 493 sermo
1121 440 1169 493 est
1192 453 1244 494 vv.
1271 444 1337 513 359

214 539 344 619 -361:

370 655 386 714 ii
410 650 438 713 δ’
461 651 556 727 εὐθύς
579 655 620 728 ὡς
644 658 785 735 ἤκουσεν,
810 655 845 717 ou
869 655 972 730 ξυνεὶς
996 655 1089 722 δόλον

367 764 527 849 (Ἕλληνος
549 766 661 850 ἀνδρὸς
685 768 755 832 ouda*
780 773 833 831 τὸν
859 773 945 832 θεῶν
968 773 1101 850 φθόνον,

370 886 468 942 πᾶσιν
495 889 657 964 προρωννῖ
678 880 765 944 τόνδε
790 889 956 966 ναυάρχοις
979 882 1081 963 λόγον.

259 996 405 1058 Primum
427 1006 537 1060 tamen
561 1000 719 1061 memoria
741 1001 921 1063 tenendum
945 1010 993 1064 est
1016 999 1097 1063 haee
1119 999 1334 1062 verbanuntii

213 1131 295 1187 esse,
320 1111 466 1174 eiusdem
490 1112 545 1194 qui
570 1113 670 1175 modo
694 1113 832 1176 dixisset
855 1136 907 1177 vv.
933 1128 1128 1194 351-352:

370 1217 459 1306 ἧρξεν
482 1228 537 1304 μὲν
562 1216 586 1286 ὧ
610 1223 771 1305 δέσποινα,
797 1233 853 1292 τοῦ
878 1229 1001 1298 παντὸς
1025 1234 1121 1289 κακοῖν

368 1342 474 1416 φανεὶς
500 1337 650 1421 ἀλάστωρ
675 1345 694 1421 'i
717 1343 811 1414 κακός
835 1339 957 1420 δαίμων
981 1339 1094 1405 ποθέν.

258 1455 407 1536 Apparet
430 1457 529 1536 igitur
551 1455 637 1519 hunc
656 1458 763 1520 virum
776 1457 872 1539 plane
885 1457 1020 1534 nescire,
1036 1457 1121 1518 unde
1133 1455 1196 1518 hoe
1209 1455 1333 1518 malum

214 1569 319 1630 Persis
344 1571 496 1644 evenerit,
522 1577 631 1632 utrum
655 1579 769 1633 auctor
791 1572 830 1633 sit
854 1566 1004 1649 ἀλάστωρ
1028 1591 1069 1632 an
1094 1569 1187 1641 κακός
1211 1566 1333 1648 δαίμων

213 1701 254 1743 an
290 1685 410 1758 ultrum
446 1684 530 1746 θεῶν
562 1683 630 1767 (qui
655 1693 742 1747 certe
766 1706 831 1747 non
855 1705 971 1747 omnes
996 1686 1086 1744 κακοὶ
1111 1682 1252 1764 δαίμονες
1274 1704 1335 1764 pu·

211 1803 321 1857 tantur
344 1817 417 1858 esse
427 1797 460 1880 l),
484 1798 528 1860 ita
552 1807 588 1861 ut
611 1798 662 1860 hic
686 1800 817 1862 nuntius
831 1800 913 1862 inter
925 1807 989 1860 tres
1004 1799 1173 1879 opiniones
1185 1797 1333 1859 haesitet.

212 1908 278 1971 Sed
302 1911 426 1973 etiamsi
450 1912 512 1974 hoe
536 1913 609 1974 loco
633 1917 752 1990 φθόνος
775 1934 817 1975 ex
841 1912 1000 1995 Aeschyli
1024 1921 1133 1975 mente
1153 1912 1260 1974 dictus
1272 1920 1336 1985 est,

211 2031 321 2085 tamen
346 2046 421 2107 pag.
451 2026 622 2104 125-126
646 2027 710 2088 iam
735 2027 877 2089 vidimus
904 2027 1051 2088 Xerxem
1076 2023 1220 2110 δνσσνβὲς
1243 2022 1333 2104 ἔργον

212 2140 426 2217 commisisse,
462 2142 548 2203 unde
579 2141 714 2204 efficitur
745 2140 950 2224 Aeschylum
982 2142 1014 2203 in
1038 2142 1279 2220 Agamemnone
1301 2148 1334 2202 et

210 2252 315 2314 Persis
338 2274 448 2317 revera
468 2259 644 2337 μονόφρονα
667 2257 776 2317 fuisse.

256 2366 320 2428 Vv.
361 2365 532 2446 1'61-164
561 2369 589 2449 1)
625 2370 665 2431 de
689 2369 739 2431 dei
763 2369 884 2431 invidia
906 2388 1015 2431 sermo
1039 2388 1111 2430 esse
1136 2375 1170 2430 ut
1194 2366 1331 2439 videtur,

211 2500 276 2542 non
311 2482 355 2543 ita
389 2490 447 2556 est,
494 2502 569 2543 nam
604 2483 726 2545 Atussa
761 2481 838 2545 dicit
884 2483 1030 2545 Dareum
1064 2481 1192 2544 deorum
1226 2482 1334 2563 aliquo

210 2593 340 2656 iuvante
373 2596 622 2677 prosperitatem
658 2606 790 2658 nactum
824 2617 907 2671 esse,
942 2618 977 2658 se
1010 2605 1119 2658 tamen
1154 2595 1267 2672 vereri,
1292 2615 1333 2656 ne

213 2709 391 2771 immensae
426 2709 558 2772 divitiae
592 2730 690 2772 causa
724 2709 811 2784 fiant,
845 2730 929 2790 quae
964 2709 1048 2771 hane
1082 2710 1332 2790 prosperitatem

211 2831 342 2886 evertat.
390 2824 461 2885 Nee
502 2825 635 2887 mirum!
684 2825 827 2886 Divitiae
861 2825 960 2886 enim'
986 2824 1135 2886 homines
1171 2821 1331 2903 superbos

211 2935 313 2998 faeere
338 2937 453 2999 solent.

255 3163 303 3224 Ar
338 3164 443 3225 Zeller
479 3165 586 3246 (etiam
622 3162 783 3246 Schmidt)
821 3184 885 3225 non
918 3164 960 3224 ibi
993 3164 1121 3226 videtur
1145 3164 1186 3226 de
1210 3165 1331 3227 invidia

210 3280 362 3359 cogitare,
388 3279 441 3340 ubi
466 3279 534 3339 eius
558 3278 592 3339 fit
615 3279 746 3351 menti0,
770 3279 827 3338 sed
851 3287 921 3339 tum
947 3278 1100 3352 maxime,
1125 3299 1200 3339 cum
1222 3299 1330 3339 sermo

210 3400 259 3452 est
283 3392 323 3452 de
347 3392 531 3453 calamitate
554 3391 673 3472 aliqua,
697 3411 781 3471 quae
805 3391 846 3451 ad
870 3389 1038 3451 hominem
1062 3392 1171 3454 subito
1185 3391 1330 3471 obrepat,

210 3515 266 3568 aut
301 3527 374 3567 eum
411 3506 493 3567 deus
528 3506 672 3586 aliquam
708 3505 856 3581 domum,
891 3525 989 3586 quam
1026 3503 1096 3566 vult
1118 3506 1263 3585 perdere,
1288 3507 1329 3568 ad

209 3620 327 3682 nefaria
362 3621 444 3682 lacta
478 3620 622 3696 adducit,
657 3621 701 3683 ita
729 3631 764 3683 ut
788 3621 934 3682 interitus
959 3618 1055 3680 huius
1080 3619 1199 3681 domus
1223 3640 1330 3701 poena

209 3736 319 3797 debita
355 3736 502 3798 videatur
537 3736 625 3819 (vide
660 3736 770 3797 locum
805 3755 847 3795 ex
883 3732 997 3794 Zelleri
1031 3752 1130 3813 opere
1161 3733 1329 3795 laudatum

208 3872 239 3931 p.
272 3852 343 3930 135)
402 3851 449 3914 Ut
479 3871 522 3912 ex
546 3850 660 3912 Zelleri
686 3849 791 3913 verbis
815 3855 959 3929 apparet,
991 3847 1061 3908 eius
1084 3848 1195 3928 opinio
1220 3847 1330 3910 nititur

246 4050 267 4111 1)
378 4051 420 4095 καὶ
438 4048 470 4107 μὲ
490 4049 607 4113 καρδίαν
626 4047 737 4106 ἀμύσσει
756 4046 869 4113 pridiae·
889 4047 915 4104 ἒς
934 4045 1032 4105 (λ’ἱμᾶς
1049 4047 1097 4112 ipsi)

374 4142 467 4199 μῦθον
484 4140 606 4198 οντλαμῶς
624 4141 744 4203 ἓμαννῆς
761 4137 816 4188 οὐθ’
835 4137 1009 4197 ἀδείμαντος,
1029 4138 1106 4197 φίλων

375 4252 390 4290 μ
399 4253 412 4295 '1
431 4233 517 4294 μέγας
535 4230 648 4287 ,elodiae
667 4235 771 4287 κονίσας
788 4230 874 4287 oddae
892 4230 1014 4294 ἀντρέψῃ
1033 4229 1097 4276 mult

376 4321 468 4380 ὄλβον,
487 4323 516 4370 ὃν
535 4323 648 4388 ΑΙαρνῖος
668 4326 731 4388 ῄρνν
750 4324 793 4370 ον’-κ
813 4322 878 4370 cirri·
899 4323 970 4372 θεῶν
992 4337 1067 4378 τινοςι
