3106 4822
758 265 800 335 54

212 454 315 530 supra
347 446 460 509 Iovem
495 463 579 519 esse,
614 440 676 508 hac
713 438 873 505 sententia
907 440 936 505 ei
971 446 1040 505 tota
1075 437 1137 503 hac
1171 440 1341 521 tragoedia

213 561 367 624 standum
389 558 514 621 suisset.
549 555 597 622 At
619 562 747 636 praeter
770 575 800 617 v.
831 567 894 633 520
917 551 1026 642 nullus
1050 551 1144 643 locus
1169 554 1339 635 reperitur,

214 676 301 739 unde
335 672 420 736 hanc
453 689 603 753 promam
639 668 841 731 sententiam.
888 666 996 730 Immo
1032 667 1102 749 ipse
1136 665 1256 734 chorus
1289 665 1340 728 his
1438 739 1441 745 .

214 786 398 853 Promethei
430 784 537 849 verbis
562 790 732 865 repugnat,
758 781 880 865 quippe
904 781 959 863 qui
983 781 1102 862 plenus
1126 779 1340 845 dubitationis

214 901 425 985 respondeat:
461 897 494 963 τί
516 899 576 978 γὰρ
601 876 768 976 τέτρωται
793 896 871 975 Ζηνί
899 891 983 974 πλὴν
1008 895 1058 956 οίεί
1082 900 1225 976 κρατεῖν,
1249 896 1340 978 quod

215 1017 333 1080 eodem
356 1013 450 1090 redit,
473 1033 512 1077 ac
535 1013 562 1074 si
586 1010 739 1074 dixisset:
765 1005 856 1071 οὐδὲν
882 1006 1050 1089 πέπρωται
1076 1011 1156 1090 Ζηνί
1180 1007 1266 1089 πλὴν
1290 1010 1340 1072 niel

215 1133 354 1210 κρατεῖν,
388 1129 409 1191 i.
433 1147 480 1188 e.:
516 1145 582 1189 non
613 1132 721 1187 exstat
744 1124 859 1201 satum,
884 1124 973 1205 quod
997 1121 1076 1187 Iove
1100 1125 1142 1189 sit
1166 1126 1272 1188 maius
1300 1125 1340 1208 1).

216 1242 363 1309 Chorum
388 1247 499 1305 autem
522 1238 554 1303 id
579 1258 691 1318 revera
715 1237 833 1301 sentire
857 1237 956 1301 etiam
980 1238 1055 1301 inde
1079 1247 1225 1320 apparet,
1250 1239 1340 1321 quod

217 1353 412 1420 Prometheo
458 1352 542 1414 hanc
584 1351 673 1414 Iovis
707 1348 962 1414 imbecillitatem
999 1353 1131 1434 urgenti
1165 1353 1342 1439 respondet

217 1471 273 1533 illo
297 1468 435 1542 cantic0,
459 1465 550 1548 quod
573 1465 686 1546 incipit
708 1462 759 1525 his
783 1464 910 1530 disertis
929 1465 1037 1529 verbis
1050 1465 1117 1550 (vv.
1128 1469 1241 1548 ,528-
1248 1464 1341 1552 529):

393 1588 510 1674 μηδάμ’
534 1593 553 1652 o‘
574 1593 687 1652 πάντα
711 1587 813 1668 νέμων

394 1705 480 1767 tiele)
501 1706 559 1784 ἐμᾷ
582 1704 694 1783 γνώμᾳ
718 1706 832 1784 κρείτο,Ί
855 1700 1040 1765 α’ντίπαλον
1066 1707 1153 1778 Ζεείς.

266 1834 394 1896 Eodem
418 1821 582 1915 pertinent
604 1852 657 1895 vv.
685 1830 858 1911 546-547
882 1830 1029 1894 eiusdem
1053 1834 1188 1896 cantici:

921 1930 923 1934 ⁵
1024 1945 1141 2006 οὔποτε

331 2061 392 2120 τὰν
417 2060 494 2130 Διὸς
517 2057 676 2139 ἁρμονίαν
701 2057 837 2118 θνατῶν
863 2055 1033 2139 παρεξίασι
1059 2056 1185 2142 βουλαί,

219 2188 261 2250 ad
296 2207 378 2268 quos
414 2183 599 2248 Scholiasta
632 2192 782 2247 annotat:
823 2185 881 2262 την
918 2182 1118 2265 εἱμαρμένην,
1154 2187 1207 2249 cui
1244 2189 1344 2270 igitur

223 2301 298 2372 Διὸς
321 2298 458 2381 ἁρμονία
482 2306 515 2361 et
538 2295 709 2378 εἱμαρμένη
732 2298 849 2360 eodem
874 2297 980 2361 redire
1002 2299 1162 2367 videntur.

267 2415 310 2476 Et
344 2413 426 2475 deus
461 2409 615 2474 Oceanus
650 2432 727 2474 cum
756 2410 859 2474 choro
889 2412 973 2489 lacit,
998 2411 1053 2475 ubi
1078 2413 1156 2477 dicit
1181 2415 1222 2497 (v.
1249 2415 1343 2501 328):

510 2581 518 2600 .
543 2581 551 2599 .
576 2583 584 2597 .
608 2532 680 2596 ond³
703 2534 886 2607 ὑπεύθυνος
911 2541 1027 2617 κρατεῖ.

265 2662 347 2728 Item
371 2668 512 2746 Κράτος,
535 2664 646 2726 dicens
670 2662 714 2747 (v.
741 2662 811 2745 50):

400 2787 566 2871 ἐλεοίίίερος
587 2790 648 2870 γὰρ
672 2793 760 2860 οὔτις
786 2789 852 2850 ἐστί
877 2786 964 2869 πλὴν
990 2791 1076 2862 Διὸς.

266 2916 415 2998 Apparet
437 2918 537 2999 igitur
560 2918 592 2979 in
615 2916 799 2980 Prometheo
822 2918 931 2980 solum
957 2916 1188 2980 Prometheum
1215 2915 1347 2999 Μοίρα,1

222 3051 321 3112 supra
350 3032 462 3092 Iovem
485 3052 618 3114 ponere.
667 3031 732 3095 Sed
756 3032 830 3115 quis
854 3040 903 3094 est
926 3030 979 3094 ille
1005 3032 1240 3097 Prometheus?
1287 3034 1349 3095 Est

223 3145 315 3220 deus,
360 3145 429 3208 Iovi
475 3146 729 3223 inimicissimus
765 3145 855 3228 quod
893 3144 1047 3227 gravibus
1082 3148 1206 3228 poenis,
1242 3148 1347 3230 iisque

223 3258 328 3334 iustiS,
364 3258 396 3319 id
420 3259 510 3339 quod
533 3260 670 3341 quisque
693 3261 724 3322 in
748 3258 810 3322 hac
834 3260 1005 3342 tragoedia
1028 3261 1188 3336 concedit,
1212 3260 1347 3324 aflectus

223 3380 281 3436 est.
317 3371 414 3435 Unde
448 3370 492 3449 fit,
529 3380 565 3434 ut
598 3371 686 3435 haud
722 3394 851 3457 semper
874 3395 949 3437 vere
973 3374 1137 3457 loquatur,
1162 3375 1263 3437 immo
1286 3376 1347 3437 sibi

224 3487 293 3568 ipse
334 3485 451 3547 iterum
486 3494 585 3567 atque
619 3487 737 3553 iterum
773 3497 944 3570 repugnet,
979 3509 1055 3553 curn
1092 3488 1192 3551 modo
1230 3489 1349 3552 invitus

224 3600 349 3672 veritati
384 3600 511 3675 serviat,
536 3599 636 3662 modo
659 3621 698 3662 ea
720 3608 847 3664 tantum
873 3601 914 3664 de
938 3585 1018 3665 Iove
1040 3604 1238 3684 pronuntiet,
1263 3624 1348 3685 quae

223 3733 300 3776 vera
323 3731 393 3775 esse
416 3712 625 3777 vehementer
647 3715 766 3796 cupiat.
793 3715 891 3778 Hanc
914 3715 1100 3779 Promethei
1117 3717 1346 3780 condicionem

225 3825 344 3888 chorus
368 3829 464 3890 etiam
486 3828 651 3911 perspicit,
676 3829 798 3911 quippe
823 3829 878 3911 qui
904 3829 992 3893 dicat
1015 3831 1058 3913 (v.
1083 3831 1180 3915 927):

262 4138 285 4206 1)
302 4141 368 4189 Mira
394 4142 469 4193 etiam
486 4148 523 4192 est
539 4143 584 4192 ista
602 4143 672 4192 chori
686 4143 854 4207 interrogatio,
872 4142 943 4208 quasi
960 4143 1002 4208 qui
1020 4142 1086 4193 nihil
1104 4143 1137 4194 de
1154 4144 1202 4194 hac
1219 4161 1246 4195 re
1264 4145 1351 4196 sciret:

476 4238 516 4292 τίς
534 4224 581 4285 οὖν
599 4236 720 4303 ἀνάγκης
739 4237 813 4285 ἐστίν
830 4237 1015 4305 οίακοστρόφος
1024 4255 1036 4295 ,·

260 4323 333 4375 Ilaec
349 4322 423 4389 igitur
439 4340 478 4373 res
497 4341 546 4373 non
562 4325 636 4396 lippis
654 4333 678 4374 et
694 4328 834 4387 tonsoribus
851 4334 910 4381 nota
920 4335 989 4390 erat.
