3106 4822
753 263 795 344 36

256 454 353 519 Unde
392 452 515 517 factum
556 461 616 529 est,
650 461 688 514 ut
723 449 910 534 Aeschylus
946 454 1004 529 τὴν
1041 455 1141 533 νύχην
1176 473 1252 514 cunt
1287 457 1333 532 tp

209 563 407 649 πεπρωμένῳ
444 566 651 629 coniunxerit
685 565 805 645 Agam.
828 565 1017 646 659—663,
1053 565 1108 628 ubi
1138 565 1179 628 ad
1212 585 1332 628 nomen

211 682 358 746 Helenae
381 679 519 745 alludit:
775 709 785 733 2-

434 797 505 854 XO.
530 791 580 863 τίς
603 793 676 853 ποτ’
701 789 863 871 ὠνόμαζεν
888 779 941 853 ὧδ’

530 907 560 978 ἐς
583 907 620 967 τὸ
644 912 711 968 πᾶν
736 907 909 989 ἐτητύμως·

527 1025 569 1099 μή
594 1043 644 1092 τις
666 1020 766 1081 ὅντιν’
791 1019 845 1102 οὐχ
870 1021 989 1102 ὁρῶμεν
1015 1019 1146 1100 προνοί-

529 1153 594 1193 αισι
620 1139 676 1196 τοῦ
701 1131 911 1215 πεπρωμένου

528 1243 674 1322 γλῶσσαν
700 1247 733 1307 ἐν
757 1247 840 1328 τύχᾳ
865 1243 982 1326 ripam·

210 1366 309 1427 etiam
333 1384 410 1425 cum
434 1371 473 1443 τη
496 1360 591 1440 μοίρᾳ
615 1361 699 1442 Sept.
723 1363 919 1442 488-489:

410 1475 491 1555 ἀνὴρ
516 1474 587 1535 κατ’
610 1470 713 1555 ἄνδρα
736 1477 852 1536 τοῦτον
877 1472 987 1558 ᾑρέθη,
1011 1472 1117 1536 θέλων

411 1589 607 1669 ἐξιστορῆσαι
630 1594 743 1668 μοῖραν
768 1589 801 1649 ἐν
827 1589 915 1674 χρείᾳ
939 1590 1044 1670 τύχης.

255 1705 383 1767 Eodem
405 1706 554 1786 pertinet,
579 1703 669 1785 quod
693 1703 779 1768 Iovis
803 1705 961 1780 interitus,
984 1725 1004 1766 a
1029 1703 1134 1765 Furiis
1157 1700 1208 1765 vel
1234 1701 1332 1775 Diris,

213 1840 297 1902 quae
332 1815 474 1898 ἀνάγκης
508 1817 725 1897 οἰακοστρόφοι
761 1839 780 1880 a
816 1816 1011 1880 Prometheo
1042 1817 1195 1879 dicuntur
1217 1813 1334 1900 (From.

214 1933 400 2015 517—518)
434 1933 463 1994 ei
486 1940 617 2014 paratus
640 1933 705 2014 (vv.
730 1931 931 2013 909—911),
954 1931 1025 2017 eius
1049 1930 1130 2010 τύχη
1153 1927 1334 2010 appellatur

211 2068 243 2110 v.
268 2044 354 2127 767:

347 2159 406 2219 ΙΩ.
432 2154 496 2218 οὐδ’
522 2155 610 2217 ἔστιν
635 2153 724 2237 αὐτῷ
748 2153 836 2234 τῆσδ’
860 2156 1045 2238 ἀποστροφὴ
1069 2155 1180 2238 τύχη;,·

257 2273 340 2334 Item
364 2280 501 2334 testatur
525 2271 701 2334 Pausanias
718 2271 746 2354 1)
770 2273 905 2349 Μοιρῶν
928 2292 1024 2334 unam
1037 2292 1057 2334 a
1069 2271 1208 2333 Pindaro
1226 2273 1333 2351 Τύχην

212 2384 411 2468 appellatam
435 2404 517 2461 esse,
532 2405 604 2466 ,qua
627 2405 661 2446 re
684 2384 804 2447 diserte
827 2385 988 2454 indicatur
1011 2388 1110 2466 τύχην
1123 2393 1156 2447 et
1166 2389 1278 2465 μοῖραν
1292 2404 1335 2446 ex

212 2499 341 2561 Pindari
365 2498 523 2561 sententia
546 2497 663 2559 eodem
688 2497 802 2560 redire.
827 2496 955 2578 Quodsi
979 2517 1093 2560 omnes
1114 2518 1199 2580 quae
1217 2497 1335 2561 delato

212 2614 244 2675 in
267 2610 425 2693 Aeschyli
448 2609 564 2673 sabulis
588 2619 664 2674 sunt
684 2611 800 2675 obviae
819 2612 997 2675 sententiae
1008 2612 1076 2694 pari
1090 2611 1191 2674 modo
1203 2613 1287 2673 inter
1299 2631 1334 2672 se

212 2726 430 2788 consentirent
451 2732 550 2808 atque
573 2745 641 2803 eae,
666 2745 751 2808 quae
774 2726 815 2788 de
837 2724 967 2788 fortuna
990 2725 1033 2788 ibi
1046 2733 1233 2804 occurrunt,
1246 2725 1334 2788 haud

212 2840 348 2903 dubium
372 2847 467 2916 esset,
491 2840 660 2922 quomodo
684 2861 719 2902 se
742 2861 793 2903 res
816 2839 959 2904 haberet.
1005 2839 1115 2921 Quem
1139 2820 1334 2918 cohce‘ntum

138 2962 140 2966 “
212 2953 375 3016 interdum
409 2952 583 3015 desiderari
601 2952 672 3015 ‘iam
696 2952 920 3016 demonstrare
943 2954 1072 3036 incipio,
1096 2953 1196 3036 idque
1219 2955 1274 3032 ita,
1299 2963 1335 3017 ut

212 3066 351 3142 videam,
388 3086 472 3148 quae
507 3067 540 3128 in
574 3066 709 3149 singulis
742 3065 903 3149 Aeschyli
926 3066 1043 3165 sabulis
1067 3069 1163 3130 insint
1186 3067 1228 3175 ad
1252 3067 1335 3130 hanc

213 3201 281 3243 rem
304 3181 505 3261 pertinentia.
799 3181 801 3184 ’
1100 3178 1102 3183 ’

965 3281 973 3311 i

212 3364 300 3405 nostra
333 3353 450 3413 tarditas,
488 3352 633 3402 adhibenda
667 3360 704 3403 est
738 3370 803 3419 quae
837 3371 893 3404 eam
928 3355 1040 3405 sublevet
1074 3354 1207 3406 distinctio.
1243 3355 1335 3404 Dicam

212 3447 296 3512 igitur,
320 3452 445 3510 utcunque
471 3444 616 3494 ordinentur
646 3445 730 3494 omnia
756 3446 806 3496 Dei
831 3446 939 3496 consilio
966 3453 1033 3496 certa
1050 3446 1243 3511 dispensatione,
1261 3445 1336 3495 nobis

212 3547 296 3590 tamen
322 3555 375 3588 esse
401 3537 510 3588 fortuita.
543 3538 604 3586 Non
629 3537 698 3602 quod
725 3537 850 3589 fortunam
873 3546 1015 3604 reputemus
1032 3537 1127 3587 mundo
1145 3554 1174 3587 ac
1191 3537 1336 3586 hominibus

213 3631 346 3690 dominari,
371 3637 514 3695 temereque
546 3630 631 3679 omnia
654 3647 749 3680 sursum
773 3633 890 3682 deorsum
907 3632 1019 3682 volutare
1036 3631 1132 3698 (abesse
1151 3630 1219 3679 enim
1237 3646 1251 3678 a
1268 3629 1335 3678 chri-

213 3724 294 3773 stiano
321 3730 421 3788 pectore
447 3722 519 3771 decet
545 3722 610 3771 hane
636 3722 805 3789 vecordiam);
823 3725 867 3773 sed
885 3724 1008 3789 quoniam
1025 3738 1112 3772 eorum
1130 3737 1193 3786 quae
1210 3720 1336 3783 eveniunt,

213 3814 284 3877 ord0,
311 3815 383 3873 ratio,
408 3814 473 3875 finis,
500 3814 641 3874 necessitas,
667 3815 846 3881 utplurimum
864 3816 889 3864 in
907 3816 956 3866 Dei
972 3815 1080 3865 consilio
1098 3814 1166 3877 latet,
1184 3820 1208 3863 et
1225 3814 1337 3862 humana

213 3904 323 3969 opinone
348 3921 399 3954 non
425 3906 627 3970 apprehenditur.
654 3906 725 3971 quasi
752 3907 854 3956 fortuita
880 3913 942 3968 sunt,
970 3924 1034 3972 quae
1059 3913 1154 3956 certum
1179 3912 1217 3955 est
1239 3922 1268 3955 ex
1287 3905 1337 3954 Dei

214 3995 340 4044 voluntate
357 3996 496 4061 provenire.
516 3998 577 4046 Non
595 3997 663 4047 enirn
680 3998 755 4047 aliam
772 3998 910 4062 imaginem
926 4015 986 4064 prae
1003 4015 1030 4048 se
1046 3997 1136 4058 serunt,
1154 4004 1198 4048 aut
1215 3998 1241 4046 in
1250 4004 1337 4047 natura

214 4101 258 4135 sua
281 4086 479 4153 consideratae),
503 4095 544 4136 aut
561 4089 697 4138 secundum
719 4089 834 4138 notitiam
851 4096 962 4138 nostram
979 4089 1149 4154 iudiciumque
1164 4086 1337 4154 aestimatale).

250 4179 272 4240 1)
309 4178 415 4227 Pausan.
434 4180 494 4238 VIl,
521 4179 562 4234 26,
588 4178 618 4228 8:
644 4182 695 4246 ἐγὼ
716 4181 766 4242 μὲν
784 4169 830 4232 οὖν
848 4179 994 4248 Πινδάρου
1012 4181 1047 4229 τά
1064 4200 1093 4232 τε
1113 4182 1184 4231 ἄλλα
1202 4183 1337 4242 πείθομαι

214 4275 249 4334 τῇ
275 4266 342 4334 ᾠδῇ,
369 4271 412 4316 καὶ
438 4267 546 4335 Μοιρῶν
572 4288 601 4319 τε
629 4264 697 4320 εἶναι
723 4276 788 4331 μίαν
811 4278 863 4337 τὴν
886 4272 980 4339 Τύχην
999 4276 1042 4322 καὶ
1060 4273 1128 4341 ὑπὲρ
1146 4275 1197 4332 τὰς
1215 4272 1337 4330 ἀδελφάς

214 4375 244 4408 τε
261 4360 372 4424 layum.
