3106 4822
756 285 817 346 149

399 450 587 534 Ἐτεοκλέης
612 456 652 518 ἂν
677 449 718 525 εἷς
742 451 842 527 nolu·
866 435 1090 519 autumatur
1148 528 1150 532 ι

397 567 525 645 ὑμνοῖθ’
549 570 606 629 ὑπ’
632 566 740 628 οἰστῶν
765 569 917 648 φροιμίοις
942 565 1152 651 πολυρρόθοις

399 681 592 761 οἰμώγμασίν
620 681 662 759 θ’,
688 666 731 746 ὧν
754 683 834 752 Ζεύς
857 679 1059 764 ἀλεξητήριος

376 867 377 871 ¹
398 795 563 873 ἐπώνυμος
586 792 709 871 γένοιτο
733 792 908 874 Καδμείων
933 792 1033 856 noluit
1064 796 1091 879 1)

262 909 344 971 Loci
368 916 489 987 autem,
514 910 569 991 qui
594 909 646 971 dei
661 909 916 972 misericordiam
930 918 1099 988 testantur,
1114 912 1341 994 multoplures

219 1032 405 1089 occurrunt.
453 1022 616 1087 Omnibus
645 1025 742 1098 enim,
768 1025 824 1106 qui
849 1025 880 1086 in
904 1025 1057 1106 periculis
1080 1035 1166 1104 sunt,
1190 1027 1344 1090 omnibus

219 1137 441 1201 laborantibus
476 1147 509 1201 et
543 1137 795 1220 implorantibus
819 1138 899 1202 deus
923 1147 954 1202 et
978 1139 1047 1221 ipse
1071 1139 1223 1204 subvenit
1247 1150 1279 1204 et
1301 1140 1344 1204 ab

218 1251 408 1315 hominibus
432 1252 597 1315 subveniri
620 1253 700 1318 vult.
762 1274 765 1280 ·

263 1367 330 1448 Qui
366 1385 407 1428 ex
437 1366 590 1448 periculis
614 1377 797 1446 evaserunt,
820 1387 840 1428 a
863 1367 926 1430 deo
951 1369 1069 1431 servati
1094 1389 1166 1432 esse
1189 1369 1344 1432 dicuntur

217 1481 337 1560 figam.
364 1482 549 1561 579—582.
575 1479 813 1563 Clytaemestra
836 1483 924 1544 enim
949 1480 1013 1543 hoc
1038 1481 1110 1544 loco
1134 1492 1251 1565 rogat:

885 1597 917 1656 τί
940 1597 999 1675 γὰρ

413 1709 539 1784 γυναικὶ
564 1709 680 1768 τούτου
704 1705 813 1786 φέγγος
838 1705 923 1787 ἠδιον
948 1706 1086 1788 δρακεῖν,

416 1822 483 1882 ἀπὸ
507 1821 680 1902 στρατείας
703 1818 805 1903 ἄνδρα
829 1825 989 1894 σώσαντος
1012 1829 1090 1896 θεοῦ

418 1933 524 2008 nolon
548 1934 670 2007 οἷνοῑξαι
679 1961 690 2011 ,·

176 2106 178 2111 .
217 2051 304 2111 etin
328 2050 467 2112 eandem
491 2050 684 2113 sententiam
709 2050 855 2132 loquitur
877 2072 997 2133 praeco
1021 2051 1113 2137 (ibid.
1138 2053 1339 2136 639-64rl:

377 2167 459 2243 ἡμᾶς
481 2186 514 2241 γε
538 2164 596 2244 μὲν
620 2162 658 2243 δὴ
682 2173 765 2228 ναῑιν
789 2161 819 2225 τ’
844 2163 1003 2246 οἷκηρατον
1028 2171 1145 2244 σκάφος
1227 2199 1230 2205 ·

371 2280 440 2355 ἤτοι
465 2301 513 2350 τις
539 2275 708 2360 ἐξέκλεψεν
734 2282 752 2360 ἡ
774 2277 944 2363 ’ξῃτήσατο

377 2395 451 2463 θεὸς
475 2415 534 2469 τις,
558 2390 613 2453 οὐκ
636 2394 822 2474 ἄνθρωπος,
847 2391 953 2465 οἴακος
978 2395 1089 2470 θιγών.
1184 2432 1185 2435 =

260 2506 368 2586 Quam
391 2506 435 2569 ob
461 2527 529 2569 rem
552 2510 642 2584 Ζειῖς,
667 2509 718 2569 cui
743 2507 893 2571 homines
915 2529 950 2570 se
963 2529 1056 2571 suam
1069 2508 1207 2572 salutem
1221 2509 1340 2572 debere

217 2619 318 2702 vulgo
343 2621 489 2698 credunt,
514 2617 725 2702 ἀλεξητήριος,
750 2623 769 2683 i.
794 2644 822 2686 e.
841 2623 922 2685 deus
942 2643 1141 2686 averruncus
1156 2625 1340 2686 nominatur

218 2733 316 2815 (Sept.
354 2734 385 2817 8)
421 2744 453 2798 et
487 2739 592 2817 σωτήρ
617 2735 666 2818 2),
690 2737 742 2799 cui
768 2741 907 2817 σωτῆρος
931 2739 1120 2818 cognomini
1144 2738 1339 2820 plerumque

217 2848 347 2911 additur
371 2870 439 2911 vox
463 2848 568 2929 τρίτος
594 2849 637 2931 3).
699 2829 701 2833 ⁷
869 2937 870 2940 ρ

258 2964 339 3026 Item
363 2965 444 3035 Ζεύς
466 2973 515 3027 est
537 2974 695 3047 patronus
717 2967 966 3048 peregrinorum
991 2975 1022 3029 et
1046 2965 1225 3049 hospitum,
1239 2988 1338 3049 quam

214 3076 258 3139 ob
282 3097 350 3139 rem
374 3078 472 3140 etiam
496 3075 595 3151 ξένιος
618 3078 810 3161 appellatur,
834 3099 862 3142 e.
887 3100 936 3160 gr.
963 3080 1150 3160 Agam.61,
1164 3099 1240 3162 349,
1254 3097 1337 3161 720;

215 3189 324 3270 Suppl.
347 3191 424 3272 607,
448 3191 525 3271 642.

250 3427 272 3492 1)
299 3427 376 3490 Quod
401 3435 487 3477 contra
515 3429 617 3492 Xerxes,
635 3430 656 3477 si
674 3445 712 3478 res
729 3429 833 3479 feliciter
850 3431 990 3489 succedant,
1009 3431 1047 3478 vir
1064 3431 1219 3480 admirabilis
1237 3433 1337 3494 dicitur,

213 3518 285 3568 rebus
303 3526 387 3567 tamen
404 3519 516 3567 adversis
533 3520 623 3568 rationi
640 3519 783 3569 reddendae
801 3535 850 3567 non
868 3520 994 3569 obnoxius
1012 3521 1092 3582 (Pers.
1111 3521 1268 3587 211-214):

648 3600 678 3662 td
697 3613 749 3678 γὰρ
766 3611 834 3671 ioca,
852 3621 918 3669 παῖς
936 3614 997 3671 ε’μὸς

413 3703 517 3769 πράξας
533 3703 583 3762 μὲν
602 3691 632 3754 εὖ
652 3705 812 3763 θαυμαστὸς
830 3702 864 3751 ἂν
884 3705 980 3768 γένοιτ’
999 3705 1077 3771 ἀνήρ,

415 3796 497 3852 κακῶς
515 3793 547 3843 δὲ
566 3795 671 3861 πράξας
689 3796 734 3843 οὐκ
753 3796 910 3853 ὑπεύθυνος
928 3795 1022 3856 πόλει,Ι

415 3887 512 3944 σωθεὶς
530 3885 558 3934 δ’
575 3884 666 3945 ὁμοίως
687 3886 769 3950 τῆσδε
789 3895 906 3955 κοιρανεῖ
920 3889 1031 3954 χθονός,

210 3980 318 4044 primurn
344 3978 466 4028 memoria
490 3979 626 4028 tenendum
653 3988 697 4040 est,
725 3981 787 4030 haec
813 3981 889 4031 verba
915 3982 947 4029 ab
965 3981 1055 4030 Xerxis
1072 3989 1150 4030 matre
1167 3983 1225 4047 dici,
1242 3984 1334 4033 deinde

209 4072 334 4136 principes
360 4072 489 4120 Persarum
514 4071 617 4120 deorum
641 4071 700 4121 loco
726 4073 822 4131 haberi,
845 4078 872 4121 ut
888 4073 987 4121 Dareus
1004 4080 1027 4122 et
1047 4074 1142 4122 Xerxes
1159 4074 1207 4138 ipsi
1225 4091 1239 4122 a
1257 4075 1334 4123 choro

209 4165 247 4213 dii
259 4165 419 4229 appellantur
430 4163 463 4230 (v.
475 4175 535 4228 157:
555 4165 623 4214 θεοῦ
632 4164 681 4224 μὲν
693 4167 833 4231 ετνὴιειριι
842 4163 965 4231 ΙΙερσίον,
978 4166 1045 4214 θεοῦ
1055 4164 1086 4213 δὲ
1099 4168 1142 4213 καὶ
1151 4169 1241 4233 μήτηρ
1253 4166 1333 4233 ἔφυς).

243 4255 268 4321 2)
287 4256 388 4320 Fragm.
405 4255 497 4320 [ψέξῃ
519 4259 607 4322 τρίτον
625 4257 689 4314 Διὸς
708 4261 822 4323 σωτῆρος
841 4257 968 4305 εὐκταίαν
988 4256 1064 4316 λίβα.
1212 4242 1214 4246 ⁵

243 4346 268 4412 3)
284 4347 350 4397 Vide
366 4365 392 4413 p.
409 4360 449 4411 30,
467 4355 551 4397 annot.
569 4349 605 4399 ΙΙ.
