3106 4822
752 266 792 311 22

253 435 592 499 Animadvertendum
627 436 768 517 denique
802 443 852 498 est
874 436 973 498 deum
999 437 1181 500 inferorum
1206 440 1336 502 nomine

209 550 295 611 Iovis
318 549 473 632 appellari
498 549 608 631 Suppl.
633 566 825 614 220—221:

389 662 479 724 κάκεῒ
499 661 617 737 δικάζει
641 662 898 743 τάπλακήμαθ’
921 666 962 738 ὡς
986 665 1090 744 λόγῳ,

389 768 468 837 Zaa
491 763 588 838 ἄλλος
610 768 642 828 ἐν
668 776 819 847 καμοὶιοιν
842 769 986 840 όοτοίτα,ἱ
1011 767 1113 844 δίκας,

212 880 288 941 item
314 877 423 959 Suppl.
452 880 641 958 144—146:

502 981 557 1041 τόν
581 985 684 1058 γάιον,
708 983 764 1041 τόν
789 978 1056 1054 πολυξενώτατον

501 1086 591 1161 Ζῆνα
616 1085 680 1144 τῶν
705 1087 905 1164 κεκμηκότων

507 1182 660 1264 ἱξόμεοθα
683 1188 741 1247 σάν
766 1182 903 1261 κλάδοις,
932 1186 960 1268 Ι)

214 1305 246 1358 et
289 1295 400 1377 Suppl.
443 1312 508 1378 779
549 1298 662 1362 Iovem
698 1298 815 1361 eodem
850 1298 1022 1377 vocabu10,
1059 1321 1125 1382 quo
1162 1300 1337 1377 Poseidon,

216 1413 343 1490 γαιάοχε
370 1409 535 1492 implorari
560 1417 602 1487 (v.
627 1413 830 1493 778-779):

550 1524 672 1610 σεβίζου
697 1523 725 1585 d’
750 1522 856 1596 ι’κὲτα,1
879 1523 986 1603 σέθεν,

548 1629 676 1708 γαιάοχε
702 1628 881 1707 παγκρατὲς
904 1630 977 1704 Zea,

117 1748 120 1754 ’
216 1759 300 1821 quae
334 1759 412 1815 vox,
447 1761 648 1821 quamquam
683 1740 746 1802 hoc
781 1741 855 1803 loco
889 1740 979 1804 aliud
1014 1742 1094 1823 quid
1115 1742 1276 1824 significat
1299 1764 1337 1805 ac

216 1854 406 1916 Poseidonis
437 1853 591 1915 ἐπίθετον
617 1855 658 1938 2),
694 1863 803 1918 tamen
826 1859 979 1939 potestati
1003 1879 1041 1920 ac
1065 1857 1216 1940 dignitati
1240 1856 1338 1919 huius

217 1969 269 2030 dei
304 1969 428 2051 aliquid
461 1970 640 2034 detrectare
673 1970 812 2035 videtur.
850 1970 880 2053 3)
915 1972 1033 2053 Neque
1067 1971 1204 2034 dubium
1229 1979 1277 2034 est
1301 1973 1339 2048 ei,

218 2083 274 2164 qui
299 2082 378 2165 legit
401 2084 507 2148 Ρνυκι.
536 2086 636 2166 1089:
663 2083 919 2165 ξυντετάρακται
945 2085 976 2167 (a
1000 2084 1079 2147 Iove
1103 2085 1184 2167 scil.)
1209 2080 1340 2164 δἀῖθὴρ

219 2200 339 2278 πόντῳ,
386 2199 465 2280 quin
507 2199 654 2282 luppiter
690 2200 770 2262 mari
804 2201 901 2262 etiam
936 2200 1082 2281 imperet.
1129 2197 1279 2272 Accedit,
1315 2199 1341 2261 si

219 2312 397 2373 Pausaniae
421 2309 499 2374 fides
523 2312 673 2376 habenda
696 2321 756 2390 est,
780 2313 870 2395 quod
893 2312 1080 2396 Aeschylus
1105 2313 1213 2394 ipsum
1228 2314 1342 2375 Posei-

218 2425 339 2486 donem
364 2425 451 2488 Iovis
474 2428 606 2489 nomine
629 2425 830 2507 significavit.
853 2425 888 2510 4)
913 2429 961 2490 ut
986 2446 1050 2488 uno
1074 2426 1215 2507 denique
1239 2427 1341 2488 verbo

221 2537 339 2615 dicam,
376 2561 537 2602 omnes
573 2538 1342 2602 diinihilsuntnisilunctiones

220 2661 299 2715 aut
333 2654 602 2735 qualitates
637 2654 769 2716 lovis
797 2652 829 2735 5)
853 2654 998 2735 exceptis
1024 2654 1094 2717 scil.
1120 2655 1168 2731 iis,
1195 2655 1250 2734 qui
1275 2674 1342 2715 me-

220 2787 289 2829 rarn
314 2770 480 2831 notionem
505 2769 681 2831 humanam
706 2767 901 2849 significant,
928 2779 963 2830 ut
991 2769 1097 2852 duan
1120 2767 1164 2850 6).

257 2891 327 2957 1)In
354 2894 461 2942 eandem
487 2893 636 2943 sententiam
662 2892 837 2956 Naegelsbach
866 2892 908 2956 (N.
936 2892 971 2942 H.
990 2892 1082 2942 Theol.
1098 2909 1125 2957 p.
1143 2889 1215 2957 346):
1234 2890 1341 2952 „Harles

221 2984 251 3032 ist
284 2985 348 3032 eben
373 3001 419 3033 nur
444 2986 489 3034 der
514 2986 576 3034 Zeus
601 2985 646 3033 der
671 2984 818 3048 Unterwelt,
845 2984 932 3048 Suppl.
958 2998 1008 3047 ²30
1034 2983 1111 3049 (217),
1137 2985 1163 3048 ja
1188 2985 1252 3031 Zeus
1278 2982 1342 3031 wird

221 3075 366 3139 angerulen,
391 3077 449 3125 ‹lern
466 3077 566 3126 Frevler
583 3077 622 3126 die
640 3077 855 3142 spatvergeltende
872 3075 953 3125 strare
970 3091 1014 3125 aus
1031 3077 1076 3125 der
1094 3074 1232 3125 Unterwelt
1249 3073 1345 3122 heraus-

221 3167 354 3231 zusenden,
388 3167 433 3217 Ch.
468 3171 516 3232 382
550 3169 627 3235 (377‚)
658 3185 756 3218 woraus
781 3169 837 3217 klar
862 3168 1021 3232 hervorgeht,
1046 3167 1103 3216 dass
1128 3167 1196 3215 seine
1221 3165 1345 3213 stratende

222 3259 400 3307 Wirksamkeit
426 3260 496 3308 nicht
513 3260 568 3309 blos
586 3261 631 3309 aus
645 3261 686 3309 die
705 3261 831 3309 Oberwelt
849 3260 1002 3308 beschranlrt
1019 3260 1058 3319 ist,
1075 3259 1184 3307 sondern
1202 3259 1266 3306 auch
1285 3258 1346 3305 tiber

223 3351 263 3399 die
299 3351 386 3400 Kralte
420 3352 465 3401 der
499 3354 635 3403 Unterwelt
660 3354 766 3417 ver-lttgt.
795 3381 828 3390 —
853 3353 935 3401 Aliter
960 3351 1074 3400 Schmidt
1098 3349 1188 3417 (Ethik
1217 3365 1242 3413 p.
1271 3349 1345 3416 104):

224 3443 294 3505 „Der
321 3443 453 3492 Ansdruck
479 3444 523 3492 des
550 3447 688 3510 Aeschylus
713 3447 787 3511 (Hik.
814 3448 882 3508 231),
910 3444 956 3492 das
981 3442 1022 3491 ein
1048 3441 1154 3490 anderer
1177 3442 1242 3489 Zeus
1260 3440 1284 3487 in
1301 3439 1345 3488 der

224 3535 361 3583 Unterwelt
386 3535 430 3582 das
457 3536 539 3584 Recht
564 3537 699 3596 verktlnde,
725 3538 812 3586 betont
838 3536 864 3584 in
881 3534 1092 3597 unzweideutlger
1109 3532 1195 3581 Weise
1214 3532 1255 3580 die
1275 3531 1346 3579 Selb-

224 3625 376 3690 slandiglreit
392 3626 436 3676 des
455 3627 568 3677 Hades.''
587 3628 764 3692 Naegelsbach
784 3636 868 3678 tamen
885 3628 958 3676 nohis
976 3626 1074 3675 videtur
1091 3641 1144 3674 rem
1162 3641 1209 3673 acu
1226 3623 1347 3687 tetigisse.

225 3716 293 3765 Nam
309 3718 380 3775 Zeia
398 3717 478 3776 ἄλλος
495 3726 520 3767 et
537 3719 609 3777 Ζεὺς
620 3721 693 3784 γάιος
709 3728 733 3769 et
751 3721 821 3778 Ζεὺς
836 3720 1020 3786 καταχθόνιος
1032 3717 1122 3785 (Hom.
1136 3717 1208 3766 Iliad.
1227 3716 1348 3780 ΙΧ,457)

225 3809 311 3857 omnia
328 3810 394 3858 idem
411 3811 560 3874 significant.
579 3811 629 3860 Cir.
646 3813 720 3861 Paus.
739 3813 826 3861 Descr.
846 3811 967 3860 Graeciae
986 3811 1022 3870 ΙΙ,
1038 3823 1079 3870 24,
1102 3822 1177 3874 4-5.

260 3903 285 3966 2)
318 3900 457 3949 Scholiasta
475 3903 506 3950 ad
523 3903 590 3950 hunc
607 3903 690 3951 locurn
708 3910 813 3952 annotat
831 3903 921 3968 πόσης
939 3907 990 3966 γῆς
1008 3904 1111 3968 κρατῶν
1130 3901 1194 3950 Ζεῦ.

260 3992 285 4058 3)
304 3994 478 4057 Naegelsbach
496 3995 521 4043 id
532 4002 604 4043 vocat
614 3995 686 4055 „eine
696 3996 761 4059 Spur
770 3995 814 4043 cler
824 3994 966 4043 Identitat.''
984 3994 1050 4042 Vide
1060 3994 1093 4042 N.
1104 3993 1140 4041 H.
1151 3993 1240 4043 Theol.
1252 4010 1277 4058 p.
1291 4007 1347 4058 132.

259 4085 285 4150 4)
321 4086 457 4135 Pausaniae
484 4087 570 4136 Descr.
597 4086 717 4136 Graeciae
743 4087 779 4146 II,
806 4099 845 4146 24,
873 4097 902 4150 5:
930 4085 1066 4152 Αἰσχύλος
1093 4085 1124 4134 δὲ
1151 4084 1349 4152 όΕυφορίοιιὀς

229 4177 306 4226 καλεῖ
321 4177 375 4226 Ata
395 4180 438 4224 md
455 4179 501 4225 τόν
521 4179 549 4226 ἓν
569 4178 706 4244 θαλάσσῃ.

262 4269 287 4334 5)
321 4271 363 4319 Sic
379 4270 455 4318 etiam
472 4270 649 4334 Naegelsbach
663 4270 697 4318 N.
716 4271 752 4320 H.
770 4270 860 4320 Theol.
876 4287 902 4334 p.
920 4283 974 4334 137,
995 4283 1034 4322 12.

262 4361 286 4427 6)
321 4363 405 4411 Deum
425 4360 516 4420 Φόβου
534 4362 661 4425 Aeschylo
679 4378 771 4411 meram
783 4363 912 4412 notionem
924 4378 978 4412 esse
987 4369 1054 4427 patet
1065 4379 1095 4411 ex
1103 4363 1193 4428 Suppl.
1204 4361 1349 4423 461—462:
