3106 4822
745 297 801 362 151

189 476 192 480 ’
260 473 437 536 Neminem
461 482 571 536 tamen
595 474 637 534 ita
662 471 798 534 delirare
822 474 937 546 senti0,
963 481 998 535 ut
1021 474 1199 534 contendat
1222 471 1274 533 hic
1294 472 1335 534 de

214 607 293 649 vero
318 588 463 669 quodam
487 587 550 650 deo
574 587 679 649 Marte
702 607 773 648 esse
785 607 981 663 sermonem,
996 607 1070 648 nam
1087 595 1122 648 ut
1134 587 1201 648 sere
1214 586 1335 669 ubique

215 699 246 762 in
277 700 438 784 Aeschyli
469 700 658 781 tragoediis,
688 701 735 762 sic
759 700 857 762 etiam
882 699 946 761 hoc
970 700 1044 762 loco
1066 698 1163 780 ’Ἁρη;
1186 709 1335 782 metony-

214 815 299 876 mice
321 835 382 896 pro
406 814 494 892 bello
518 813 642 875 dictum
667 823 725 878 est.
772 812 840 876 Cfr.
863 814 981 893 Agarra
1010 812 1200 894 360—362:

482 923 643 1004 πέφανται
668 923 696 987 δ’
720 929 866 1004 ἐγγόνοο,1

481 1038 672 1121 ἀτολμήτων
693 1040 774 1123 ’Ἀρη

481 1159 645 1219 πνεόντων
669 1154 774 1235 μεῖζον
799 1159 819 1233 ἠ
842 1152 981 1231 δικαίω,·,

213 1276 246 1330 et
267 1277 299 1330 v.
329 1271 563 1349 1189—1190:

415 1385 558 1445 θύουσαν
583 1377 661 1442 ἀδοο
685 1378 792 1463 μητέρ’
816 1378 979 1445 ἄσπονδον
1004 1377 1033 1440 τ’
1054 1379 1136 1461 ’Ἁρη

413 1491 516 1573 φίλοις
540 1494 709 1568 oriundam·

214 1615 246 1670 et
270 1607 354 1688 Sept.
381 1621 528 1689 52-53:

412 1720 608 1803 σιδηρόφρων
632 1725 691 1802 γὰρ
717 1725 818 1801 δορὸς
841 1720 972 1804 ἀνδρείᾳ
995 1719 1117 1802 φλέγων

415 1833 516 1912 dorato
541 1832 681 1896 ladvrwu
706 1836 748 1906 ως
768 1835 850 1916 ”App
874 1832 1079 1916 δεδορκότων.

259 1950 360 2010 Porro
395 1948 485 2010 Pers.
523 1963 585 2029 352
617 1949 711 2020 κακό,1
743 1946 866 2028 δαίμων
891 1952 1086 2027 nominatur,
1111 1970 1178 2033 quo
1203 1951 1334 2011 nomine

214 2059 293 2122 nihil
328 2063 388 2123 nisi
423 2062 503 2124 deus
537 2063 656 2144 aliquis
691 2064 856 2127 maleficus
880 2063 1053 2145 significari
1075 2083 1173 2146 posse
1196 2064 1335 2128 videtur.

214 2173 295 2238 Sunt
330 2185 440 2238 tamen
476 2177 575 2239 verba
610 2179 726 2254 nuntii,
760 2181 814 2260 qui
848 2181 1033 2259 suspicatur
1068 2179 1167 2240 deum
1192 2178 1335 2261 aliquem

214 2287 298 2350 hanc
322 2288 539 2352 calamitatem
563 2290 717 2368 effecisse,
744 2293 786 2353 ita
806 2301 841 2354 ut
853 2293 962 2354 dicere
974 2292 1106 2355 deberet
1120 2292 1222 2364 κοννῶ,Ι
1235 2293 1335 2355 ποιῶν

214 2399 347 2480 δαίμων,
372 2404 430 2465 sed
454 2403 518 2467 hoc
542 2404 647 2475 κακῶς
670 2406 771 2465 ποιῶν
796 2404 936 2468 breviter
959 2405 1113 2487 exprimit
1130 2405 1231 2468 verbo
1244 2406 1334 2488 quod
1421 2444 1423 2448 ν

213 2525 262 2578 est
297 2519 401 2588 κακός.
449 2518 525 2599 Ipsa
560 2519 684 2581 Atossa
718 2519 781 2581 hoc
805 2520 898 2591 κωκό,ι
922 2517 1045 2598 δαίμων
1070 2529 1156 2582 recte
1180 2522 1332 2602 interpre-

212 2637 300 2691 tatur
323 2652 352 2693 ν.
376 2647 453 2709 470,
478 2632 665 2694 exclamans
688 2622 713 2692 ὦ
737 2633 851 2708 στυγνὲ
876 2628 999 2711 δαῖμον.
1046 2632 1193 2693 Nimium
1218 2632 1334 2694 saltem

213 2747 300 2820 dicit,
336 2747 391 2828 qui
427 2746 595 2809 contendit
629 2746 778 2808 homines
802 2747 939 2828 gentiles
962 2753 1052 2808 tanta
1075 2747 1193 2826 pietate
1217 2745 1335 2827 deique

213 2860 370 2943 religione
394 2860 537 2923 imbutos
562 2882 633 2923 esse
657 2881 764 2943 posse,
790 2862 881 2923 utin
905 2860 1019 2922 mediis
1045 2860 1181 2921 miseriis
1215 2860 1335 2923 bone

212 2973 327 3036 deus
358 2974 563 3038 exclament!

262 3089 408 3172 Iuppiter
449 3098 559 3152 tamen
600 3089 701 3152 videri
741 3090 844 3171 possit
878 3109 944 3150 non
984 3108 1113 3169 semper
1146 3086 1334 3149 hominibus

211 3205 371 3285 propitius
406 3204 516 3279 suisse,
553 3223 628 3265 nam
652 3203 710 3266 suit
745 3211 887 3284 tempus,
923 3222 999 3263 cum
1022 3210 1129 3263 totum
1153 3201 1334 3263 humanum

212 3337 317 3398 genus
353 3317 461 3380 delere
505 3316 613 3392 vellet,
648 3318 738 3399 quod
781 3316 870 3378 solus
906 3314 1121 3378 Prometheus
1155 3314 1335 3397 prohibuit.

213 3430 290 3491 Hoc
324 3429 440 3492 saltem
477 3430 689 3493 Prometheus
726 3429 816 3496 dicit!
847 3430 874 3511 1)
920 3428 985 3492 Sed
1016 3430 1046 3490 Ι0
1072 3427 1219 3510 Iuppiter
1244 3436 1332 3504 „nav

213 3542 289 3614 ἔπος
320 3538 407 3604 τελεῖ
434 3545 553 3628 (Prom.
582 3561 676 3626 1032,
700 3543 756 3607 cfr.
788 3543 899 3624 Suppl.
927 3543 1005 3623 578:
1031 3545 1165 3620 adumar
1191 3539 1217 3602 δ’
1242 3540 1333 3621 ἔργον

159 3659 161 3664 ’
212 3657 253 3729 ως
277 3655 353 3728 ἔπος
376 3666 408 3720 et
431 3656 551 3737 Agant.
581 3677 680 3739 1449:
707 3657 739 3717 τί
758 3660 817 3735 γὰρ
838 3658 1048 3740 βροτοῖςᾶνεο
1069 3652 1334 3740 (intinctorum),

214 3793 274 3834 nec
307 3771 523 3835 Prometheus
553 3774 640 3837 Iovis
663 3772 824 3836 voluntati
849 3773 1007 3835 obsistere
1030 3780 1169 3854 poterat,
1192 3789 1268 3834 nam
1292 3770 1334 3833 ab

211 3887 290 3968 ipsis
325 3886 412 3947 Iovis
443 3886 598 3948 ministris
629 3885 831 3970 (Vulcanum
863 3885 937 3947 dico
969 3893 1001 3947 et
1024 3887 1154 3963 Κράτο,Ί
1177 3892 1209 3946 et
1233 3881 1334 3965 Βίαν)

210 3999 252 4061 ad
287 4020 401 4082 rupem
438 3999 591 4081 affigitur.
638 4000 729 4082 Ergo
764 4000 850 4063 Zeus
881 3997 1064 4061 humanum
1096 4018 1201 4079 genus
1225 3996 1340 4060 delere

211 4113 326 4176 noluit.
351 4116 498 4179 Fecisset
521 4115 619 4192 enim,
644 4116 669 4177 si
694 4114 860 4177 voluisset.
885 4113 932 4176 Ilo
954 4112 988 4175 Si
1014 4114 1159 4194 Iuppiter
1182 4111 1332 4174 homines

247 4349 270 4414 1)
288 4347 339 4397 Cir.
357 4366 382 4414 p.
401 4359 431 4413 25
450 4356 475 4398 et
492 4355 577 4399 annot.
595 4349 636 4397 Ill
655 4348 766 4424 eiusdem
783 4350 898 4415 paginae.
