3106 4822
659 1107 872 1178 LIBER
923 1108 980 1182 II.

184 1335 186 1339 ‘
270 1328 335 1406 De
360 1324 551 1405 numinis
578 1324 711 1404 divini
735 1324 983 1419 virtutibuS,
1011 1351 1127 1426 quae
1152 1328 1197 1405 in
1222 1326 1370 1405 mundi

548 1456 874 1560 'gubernatione
904 1461 1088 1541 elucent.
1159 1470 1161 1474 ‘
1287 1549 1289 1553 ,

304 1949 342 2013 In
377 1949 468 2012 initio
504 1949 601 2013 huius
637 1951 709 2013 libri
745 1951 833 2015 haud
868 1952 1047 2015 absurdum
1083 1953 1177 2015 fuerit
1215 1972 1382 2035 quaerere,

259 2063 340 2146 quid
365 2060 497 2126 tandem
521 2065 584 2126 deo
608 2065 795 2148 Aeschyleo
819 2087 895 2128 cum
916 2087 1036 2148 genere
1048 2065 1194 2129 humano
1207 2085 1383 2129 commune

260 2176 311 2253 sit,
342 2186 385 2252 et,
416 2177 442 2238 si
467 2178 556 2239 deus·
571 2178 670 2240 talem
694 2187 883 2261 tantamque
908 2178 1027 2242 habeat
1050 2188 1258 2262 potestatem,
1283 2188 1318 2241 ut
1341 2178 1383 2241 ad

261 2310 359 2352 suum
390 2289 560 2354 arbitrium
591 2301 697 2355 totum
722 2293 909 2356 universum
934 2314 1115 2376 omnesque
1139 2315 1189 2356 res
1213 2292 1383 2368 humanas,

261 2406 338 2486 quin
373 2404 471 2468 etiam
507 2406 591 2488 ipsas
623 2405 794 2469 hominum
829 2407 1043 2488 cogitationes
1066 2408 1246 2491 gubernare
1269 2408 1383 2490 possit,

261 2540 341 2583 num
365 2521 396 2583 id
420 2521 517 2583 etiam
542 2542 603 2583 suo
628 2521 697 2584 iure
719 2515 823 2584 saciat.
850 2523 940 2583 Deus
964 2522 1052 2584 enirn
1075 2531 1125 2584 est
1148 2523 1246 2585 totius
1260 2521 1383 2598 mundi,

262 2634 282 2697 i.
296 2654 324 2698 e.
347 2633 497 2697 omnium
519 2634 732 2697 animantium
757 2644 789 2697 et
812 2656 919 2697 rerum
943 2645 1132 2718 procreator
1155 2644 1212 2697 aut
1235 2656 1300 2697 non
1324 2643 1383 2696 est.

262 2745 298 2809 Si
328 2745 519 2824 affirmatur,
551 2756 587 2810 ut
618 2738 773 2811 homines
795 2748 969 2811 Christiani
995 2750 1126 2824 faciunt,
1150 2749 1232 2811 deus
1255 2758 1306 2812 est
1328 2769 1384 2810 no·

261 2869 365 2924 strum
389 2861 536 2923 omniurn
563 2861 716 2924 dominus
740 2871 772 2925 et
796 2863 934 2925 eandem
948 2863 979 2925 in
994 2883 1054 2925 nos
1067 2861 1165 2925 habet
1177 2870 1384 2944 potestatem,

262 2992 362 3055 quam
387 2974 537 3053 κεραμεύς
560 2976 592 3037 in
616 2972 730 3056 πηλόν,
748 2975 776 3057 1)
800 2973 950 3038 homiues
973 2997 1051 3040 vero
1075 2977 1119 3038 ita
1131 2977 1241 3040 vivere
1255 2976 1384 3052 debent,

264 3094 299 3148 ut
334 3084 375 3148 sit
408 3087 441 3148 in
475 3087 538 3149 Dei
570 3089 682 3170 optimi
708 3091 843 3153 maximi
867 3089 1036 3154 honorem.
1083 3090 1139 3154 Sin
1165 3090 1282 3166 minus,
1305 3090 1385 3153 deus

261 3219 327 3262 non
351 3198 440 3262 aliud
463 3200 495 3261 in
519 3198 668 3264 homines
692 3202 790 3265 habet
813 3205 862 3266 ius
886 3204 947 3265 nisi
971 3204 1172 3286 potentioris.
1198 3202 1385 3285 Unicuique

262 3323 371 3376 tamen
404 3314 613 3396 perspicuum
645 3317 704 3379 erit
728 3317 838 3393 deum,
863 3319 918 3400 qui
943 3319 983 3380 sit
1006 3326 1194 3400 procreator
1217 3327 1250 3380 et
1273 3318 1382 3392 deum,

264 3429 320 3511 qui
344 3428 485 3491 universi
509 3429 778 3509 gubernationem
800 3432 908 3494 nescio
933 3452 999 3513 quo
1020 3431 1089 3494 iure
1101 3432 1162 3494 sibi
1175 3431 1385 3513 arrogaverit,

262 3540 399 3606 eandem
433 3551 630 3624 potestatem
666 3542 786 3605 habere
823 3545 956 3606 mimine
984 3565 1089 3626 posse.
1137 3544 1201 3625 Qui
1227 3544 1325 3621 enirn,
1351 3552 1386 3606 ut

262 3636 416 3738 exemplo
440 3664 522 3731 utar,
551 3656 633 3718 deus
658 3654 840 3734 hominum,
866 3678 950 3739 quos
974 3676 1040 3718 non
1064 3656 1135 3738 ipse
1158 3657 1385 3738 procreaverit,

264 3771 322 3834 sed
346 3771 411 3833 iarn
434 3780 623 3853 procreatos
648 3770 818 3849 invenerit,
842 3770 1066 3853 cogitationeS‚
1088 3791 1154 3834 non
1168 3770 1267 3832 modo
1280 3790 1385 3846 nosse,

264 3886 321 3948 sed
346 3905 468 3968 regere,
492 3884 595 3948 immo
608 3885 646 3949 iis
660 3871 804 3949 incutere
815 3886 941 3968 possit?
964 3884 1064 3965 Quod
1077 3885 1163 3968 apud
1179 3884 1385 3968 Aeschylum

264 3997 375 4061 multis
398 3997 479 4060 locis
503 3999 569 4062 fieri
593 4000 753 4064 videmus

301 4194 323 4260 1)
349 4196 389 4243 Ad
415 4197 488 4248 Rom.
515 4197 562 4257 IX,
589 4211 628 4260 20,
653 4198 823 4248 disertioribus
846 4199 920 4249 etiam
945 4199 1027 4248 verbis
1058 4200 1149 4250 Ierem.
1181 4198 1282 4261 XVIII,
1308 4197 1385 4256 1-63

264 4286 312 4336 Iesi
331 4286 412 4347 XLV,
429 4300 520 4349 9-10.
