<?xml version="1.0" encoding="UTF-8"?>
<!DOCTYPE html PUBLIC "-//W3C//DTD XHTML 1.0 Transitional//EN"
    "http://www.w3.org/TR/xhtml1/DTD/xhtml1-transitional.dtd">
<html xmlns="http://www.w3.org/1999/xhtml" xml:lang="en" lang="en">
 <head>
  <title>
</title>
<meta http-equiv="Content-Type" content="text/html;charset=utf-8" />
  <meta name='ocr-system' content='tesseract 3.04.00' />
  <meta name='ocr-capabilities' content='ocr_page ocr_carea ocr_par ocr_line ocrx_word'/>
</head>
<body>
  <div class='ocr_page' id='page_1' title='image "./dedeoaeschyleo00fiscgoog_0103.png"; bbox 0 0 3106 4822; ppageno 0'>
   <div class='ocr_carea' id='block_1_1' title="bbox 793 285 833 345">
    <p class='ocr_par' dir='ltr' id='par_1_1' title="bbox 793 285 833 345">
     <span class='ocr_line' id='line_1_1' title="bbox 793 285 833 345; baseline 0 0"><span class='ocrx_word' id='word_1_1' title='bbox 793 285 833 345; x_wconf 92' lang='lat'><strong>88</strong></span> 
     </span>
    </p>
   </div>
   <div class='ocr_carea' id='block_1_2' title="bbox 224 465 1382 2359">
    <p class='ocr_par' dir='ltr' id='par_1_2' title="bbox 224 465 1382 2359">
     <span class='ocr_line' id='line_1_2' title="bbox 259 465 1256 552; baseline 0.008 -26"><span class='ocrx_word' id='word_1_2' title='bbox 259 522 261 526; x_wconf 16' lang='grc' dir='ltr'><em>Α</em></span> <span class='ocrx_word' id='word_1_3' title='bbox 312 516 315 521; x_wconf 18' lang='grc' dir='ltr'><strong>Δ</strong></span> <span class='ocrx_word' id='word_1_4' title='bbox 344 471 423 540; x_wconf 68' lang='grc' dir='ltr'><strong>Ζεύς</strong></span> <span class='ocrx_word' id='word_1_5' title='bbox 447 465 606 551; x_wconf 67' lang='grc' dir='ltr'><em>βασιλεύς,</em></span> <span class='ocrx_word' id='word_1_6' title='bbox 630 470 709 539; x_wconf 54' lang='lat' dir='ltr'><strong>Zia·</strong></span> <span class='ocrx_word' id='word_1_7' title='bbox 733 465 826 538; x_wconf 70' lang='grc' dir='ltr'><em>αὐτὸς</em></span> <span class='ocrx_word' id='word_1_8' title='bbox 849 470 1004 534; x_wconf 77' lang='grc' dir='ltr'>ἁπάντων</span> <span class='ocrx_word' id='word_1_9' title='bbox 1028 469 1256 552; x_wconf 69' lang='grc' dir='ltr'><strong>α’ρχιγενεθλος.</strong></span> 
     </span>
     <span class='ocr_line' id='line_1_3' title="bbox 262 569 1183 653; baseline -0.002 -18"><span class='ocrx_word' id='word_1_10' title='bbox 262 614 265 635; x_wconf 77' lang='lat'><em>2</em></span> <span class='ocrx_word' id='word_1_11' title='bbox 345 574 473 640; x_wconf 80' lang='grc' dir='ltr'><em>πάντας</em></span> <span class='ocrx_word' id='word_1_12' title='bbox 496 572 556 650; x_wconf 75' lang='grc' dir='ltr'><strong>γὰρ</strong></span> <span class='ocrx_word' id='word_1_13' title='bbox 580 575 708 651; x_wconf 63' lang='grc' dir='ltr'><em>κρύψας</em></span> <span class='ocrx_word' id='word_1_14' title='bbox 731 572 823 640; x_wconf 67' lang='lat' dir='ltr'><strong>urm</strong></span> <span class='ocrx_word' id='word_1_15' title='bbox 847 574 926 649; x_wconf 72' lang='grc' dir='ltr'><strong>φάος</strong></span> <span class='ocrx_word' id='word_1_16' title='bbox 950 574 979 644; x_wconf 72' lang='grc' dir='ltr'><strong>ἐς</strong></span> <span class='ocrx_word' id='word_1_17' title='bbox 1003 569 1183 653; x_wconf 73' lang='grc' dir='ltr'><strong>πρλυμηθές</strong></span> 
     </span>
     <span class='ocr_line' id='line_1_4' title="bbox 345 669 1194 758; baseline 0.006 -26"><span class='ocrx_word' id='word_1_18' title='bbox 345 670 377 745; x_wconf 68' lang='grc' dir='ltr'><strong>ἐξ</strong></span> <span class='ocrx_word' id='word_1_19' title='bbox 403 673 485 754; x_wconf 66' lang='grc' dir='ltr'><em>ἱερῆς</em></span> <span class='ocrx_word' id='word_1_20' title='bbox 508 669 636 753; x_wconf 71' lang='grc' dir='ltr'><strong>κραδίη,ι</strong></span> <span class='ocrx_word' id='word_1_21' title='bbox 659 671 852 748; x_wconf 72' lang='grc' dir='ltr'><em>ααενέμκατο</em></span> <span class='ocrx_word' id='word_1_22' title='bbox 875 672 1008 757; x_wconf 64' lang='grc' dir='ltr'><em>μέρμερα</em></span> <span class='ocrx_word' id='word_1_23' title='bbox 1032 673 1136 752; x_wconf 78' lang='grc' dir='ltr'>ῥέζων.</span> <span class='ocrx_word' id='word_1_24' title='bbox 1166 677 1194 758; x_wconf 85' lang='grc'><strong>1)</strong></span> 
     </span>
     <span class='ocr_line' id='line_1_5' title="bbox 278 786 1378 876; baseline 0 -24"><span class='ocrx_word' id='word_1_25' title='bbox 278 789 350 876; x_wconf 51' lang='lat' dir='ltr'><strong>¹Ut</strong></span> <span class='ocrx_word' id='word_1_26' title='bbox 385 788 484 868; x_wconf 83' lang='lat' dir='ltr'><strong>igitur</strong></span> <span class='ocrx_word' id='word_1_27' title='bbox 520 789 550 850; x_wconf 93' lang='lat' dir='ltr'><strong>in</strong></span> <span class='ocrx_word' id='word_1_28' title='bbox 587 786 747 869; x_wconf 88' lang='lat' dir='ltr'>Aeschyli</span> <span class='ocrx_word' id='word_1_29' title='bbox 784 788 969 870; x_wconf 85' lang='lat' dir='ltr'><strong>fragmento</strong></span> <span class='ocrx_word' id='word_1_30' title='bbox 1000 790 1080 860; x_wconf 59' lang='lat' dir='ltr'><strong>Zeu,-</strong></span> <span class='ocrx_word' id='word_1_31' title='bbox 1109 795 1147 866; x_wconf 72' lang='grc' dir='ltr'><strong>μῆ</strong></span> <span class='ocrx_word' id='word_1_32' title='bbox 1183 794 1378 873; x_wconf 64' lang='grc' dir='ltr'><strong>εῒωοὺρανὸς</strong></span> 
     </span>
     <span class='ocr_line' id='line_1_6' title="bbox 255 900 1377 992; baseline 0.004 -27"><span class='ocrx_word' id='word_1_33' title='bbox 255 903 383 992; x_wconf 86' lang='lat' dir='ltr'><strong>dicitur,</strong></span> <span class='ocrx_word' id='word_1_34' title='bbox 415 903 472 964; x_wconf 92' lang='lat' dir='ltr'><strong>sic·</strong></span> <span class='ocrx_word' id='word_1_35' title='bbox 486 903 518 964; x_wconf 94' lang='lat' dir='ltr'><strong>in</strong></span> <span class='ocrx_word' id='word_1_36' title='bbox 542 900 606 963; x_wconf 89' lang='lat' dir='ltr'><strong>hoc</strong></span> <span class='ocrx_word' id='word_1_37' title='bbox 633 900 760 984; x_wconf 90' lang='lat' dir='ltr'>hymno</span> <span class='ocrx_word' id='word_1_38' title='bbox 784 901 863 973; x_wconf 67' lang='grc' dir='ltr'><strong>Ζεύς</strong></span> <span class='ocrx_word' id='word_1_39' title='bbox 886 902 1068 984; x_wconf 89' lang='lat' dir='ltr'><strong>appellatur</strong></span> <span class='ocrx_word' id='word_1_40' title='bbox 1092 901 1177 982; x_wconf 63' lang='grc' dir='ltr'><strong><em>ἣλιος</em></strong></span> <span class='ocrx_word' id='word_1_41' title='bbox 1200 915 1232 970; x_wconf 89' lang='lat' dir='ltr'><strong>et</strong></span> <span class='ocrx_word' id='word_1_42' title='bbox 1254 903 1377 988; x_wconf 64' lang='grc' dir='ltr'><strong>σελήνη,</strong></span> 
     </span>
     <span class='ocr_line' id='line_1_7' title="bbox 255 1016 1378 1096; baseline 0.003 -16"><span class='ocrx_word' id='word_1_43' title='bbox 255 1027 360 1080; x_wconf 88' lang='lat' dir='ltr'><strong>terrae</strong></span> <span class='ocrx_word' id='word_1_44' title='bbox 380 1026 505 1080; x_wconf 80' lang='lat' dir='ltr'><strong>autem</strong></span> <span class='ocrx_word' id='word_1_45' title='bbox 541 1026 573 1079; x_wconf 88' lang='lat' dir='ltr'><strong>et</strong></span> <span class='ocrx_word' id='word_1_46' title='bbox 608 1016 688 1078; x_wconf 87' lang='lat' dir='ltr'><strong>caeli</strong></span> <span class='ocrx_word' id='word_1_47' title='bbox 726 1017 859 1094; x_wconf 75' lang='grc' dir='ltr'><em>πυθμὴν</em></span> <span class='ocrx_word' id='word_1_48' title='bbox 890 1016 1019 1092; x_wconf 88' lang='lat' dir='ltr'><strong>dicitur,</strong></span> <span class='ocrx_word' id='word_1_49' title='bbox 1054 1018 1086 1080; x_wconf 94' lang='lat' dir='ltr'><strong>id</strong></span> <span class='ocrx_word' id='word_1_50' title='bbox 1118 1029 1177 1096; x_wconf 88' lang='lat' dir='ltr'><strong>est,</strong></span> <span class='ocrx_word' id='word_1_51' title='bbox 1210 1020 1304 1082; x_wconf 83' lang='lat' dir='ltr'>radix</span> <span class='ocrx_word' id='word_1_52' title='bbox 1326 1020 1378 1083; x_wconf 85' lang='lat' dir='ltr'><strong>vel</strong></span> 
     </span>
     <span class='ocr_line' id='line_1_8' title="bbox 256 1130 1378 1215; baseline 0.002 -20"><span class='ocrx_word' id='word_1_53' title='bbox 256 1133 517 1206; x_wconf 91' lang='lat' dir='ltr'><strong>fundamentum,</strong></span> <span class='ocrx_word' id='word_1_54' title='bbox 553 1130 643 1212; x_wconf 93' lang='lat' dir='ltr'><strong>quod</strong></span> <span class='ocrx_word' id='word_1_55' title='bbox 679 1150 792 1193; x_wconf 90' lang='lat' dir='ltr'><strong>rursus</strong></span> <span class='ocrx_word' id='word_1_56' title='bbox 827 1131 955 1211; x_wconf 74' lang='lat' dir='ltr'><strong>poetice</strong></span> <span class='ocrx_word' id='word_1_57' title='bbox 985 1132 1111 1195; x_wconf 91' lang='lat' dir='ltr'><strong>dictum</strong></span> <span class='ocrx_word' id='word_1_58' title='bbox 1143 1142 1191 1195; x_wconf 90' lang='lat' dir='ltr'><strong>est</strong></span> <span class='ocrx_word' id='word_1_59' title='bbox 1213 1154 1273 1215; x_wconf 93' lang='lat' dir='ltr'><strong>pro</strong></span> <span class='ocrx_word' id='word_1_60' title='bbox 1297 1155 1378 1198; x_wconf 91' lang='lat' dir='ltr'><strong>voce</strong></span> 
     </span>
     <span class='ocr_line' id='line_1_9' title="bbox 255 1244 1380 1331; baseline 0.001 -21"><span class='ocrx_word' id='word_1_61' title='bbox 255 1269 340 1331; x_wconf 92' lang='lat' dir='ltr'><strong>quae</strong></span> <span class='ocrx_word' id='word_1_62' title='bbox 375 1257 422 1312; x_wconf 90' lang='lat' dir='ltr'><strong>est</strong></span> <span class='ocrx_word' id='word_1_63' title='bbox 457 1248 612 1324; x_wconf 90' lang='lat' dir='ltr'><strong>funditor,</strong></span> <span class='ocrx_word' id='word_1_64' title='bbox 643 1253 687 1320; x_wconf 91' lang='lat' dir='ltr'><strong>et,</strong></span> <span class='ocrx_word' id='word_1_65' title='bbox 718 1265 785 1326; x_wconf 94' lang='lat' dir='ltr'><strong>quo</strong></span> <span class='ocrx_word' id='word_1_66' title='bbox 810 1245 917 1306; x_wconf 90' lang='lat' dir='ltr'><strong>omnis</strong></span> <span class='ocrx_word' id='word_1_67' title='bbox 940 1244 1100 1308; x_wconf 85' lang='lat' dir='ltr'>dubitatio</span> <span class='ocrx_word' id='word_1_68' title='bbox 1124 1247 1258 1325; x_wconf 88' lang='lat' dir='ltr'><strong>tollitur,</strong></span> <span class='ocrx_word' id='word_1_69' title='bbox 1280 1271 1311 1311; x_wconf 93' lang='lat' dir='ltr'><strong>v.</strong></span> <span class='ocrx_word' id='word_1_70' title='bbox 1340 1266 1380 1312; x_wconf 91' lang='lat'><strong>10</strong></span> 
     </span>
     <span class='ocr_line' id='line_1_10' title="bbox 258 1357 1380 1432; baseline -0.004 -7"><span class='ocrx_word' id='word_1_71' title='bbox 258 1364 338 1432; x_wconf 70' lang='grc' dir='ltr'><strong>Ζεύς</strong></span> <span class='ocrx_word' id='word_1_72' title='bbox 374 1362 484 1424; x_wconf 92' lang='lat' dir='ltr'><strong>omnia</strong></span> <span class='ocrx_word' id='word_1_73' title='bbox 523 1360 699 1424; x_wconf 86' lang='lat' dir='ltr'><strong>fabricatus</strong></span> <span class='ocrx_word' id='word_1_74' title='bbox 734 1378 806 1419; x_wconf 90' lang='lat' dir='ltr'><strong>esse</strong></span> <span class='ocrx_word' id='word_1_75' title='bbox 845 1358 979 1420; x_wconf 87' lang='lat' dir='ltr'><strong>dicitur:</strong></span> <span class='ocrx_word' id='word_1_76' title='bbox 1029 1360 1104 1431; x_wconf 70' lang='grc' dir='ltr'><strong>Διὸς</strong></span> <span class='ocrx_word' id='word_1_77' title='bbox 1139 1357 1168 1421; x_wconf 78' lang='grc' dir='ltr'><strong>δ’</strong></span> <span class='ocrx_word' id='word_1_78' title='bbox 1203 1362 1234 1420; x_wconf 78' lang='grc' dir='ltr'><strong>ἐκ</strong></span> <span class='ocrx_word' id='word_1_79' title='bbox 1270 1363 1380 1425; x_wconf 81' lang='grc' dir='ltr'><em>πάντα</em></span> 
     </span>
     <span class='ocr_line' id='line_1_11' title="bbox 259 1473 1379 1555; baseline 0.002 -19"><span class='ocrx_word' id='word_1_80' title='bbox 259 1473 421 1537; x_wconf 78' lang='grc' dir='ltr'><em>τέτυκται.</em></span> <span class='ocrx_word' id='word_1_81' title='bbox 447 1473 479 1555; x_wconf 81' lang='grc'><strong>2)</strong></span> <span class='ocrx_word' id='word_1_82' title='bbox 504 1475 579 1537; x_wconf 88' lang='lat' dir='ltr'><strong>Hac</strong></span> <span class='ocrx_word' id='word_1_83' title='bbox 603 1473 779 1554; x_wconf 85' lang='lat' dir='ltr'><strong>fragmenti</strong></span> <span class='ocrx_word' id='word_1_84' title='bbox 803 1474 1068 1554; x_wconf 84' lang='lat' dir='ltr'><strong>interpretatione</strong></span> <span class='ocrx_word' id='word_1_85' title='bbox 1091 1482 1218 1536; x_wconf 92' lang='lat' dir='ltr'><strong>tantum</strong></span> <span class='ocrx_word' id='word_1_86' title='bbox 1241 1473 1275 1537; x_wconf 94' lang='lat' dir='ltr'><strong>in</strong></span> <span class='ocrx_word' id='word_1_87' title='bbox 1300 1477 1379 1538; x_wconf 91' lang='lat' dir='ltr'><strong>Iove</strong></span> 
     </span>
     <span class='ocr_line' id='line_1_12' title="bbox 258 1589 1381 1674; baseline 0 -21"><span class='ocrx_word' id='word_1_88' title='bbox 258 1590 312 1654; x_wconf 88' lang='lat' dir='ltr'><strong>illa</strong></span> <span class='ocrx_word' id='word_1_89' title='bbox 353 1611 502 1674; x_wconf 90' lang='lat' dir='ltr'><strong>persona.</strong></span> <span class='ocrx_word' id='word_1_90' title='bbox 537 1591 586 1652; x_wconf 91' lang='lat' dir='ltr'><strong>sui</strong></span> <span class='ocrx_word' id='word_1_91' title='bbox 622 1590 764 1664; x_wconf 86' lang='lat' dir='ltr'><strong>conscia,</strong></span> <span class='ocrx_word' id='word_1_92' title='bbox 807 1608 890 1671; x_wconf 91' lang='lat' dir='ltr'><strong>quae</strong></span> <span class='ocrx_word' id='word_1_93' title='bbox 925 1589 1036 1650; x_wconf 87' lang='lat' dir='ltr'><strong>omnia</strong></span> <span class='ocrx_word' id='word_1_94' title='bbox 1070 1609 1201 1651; x_wconf 92' lang='lat' dir='ltr'><strong>summa</strong></span> <span class='ocrx_word' id='word_1_95' title='bbox 1233 1591 1381 1671; x_wconf 79' lang='lat' dir='ltr'><strong>potentia</strong></span> 
     </span>
     <span class='ocr_line' id='line_1_13' title="bbox 259 1703 1381 1787; baseline 0.001 -20"><span class='ocrx_word' id='word_1_96' title='bbox 259 1705 416 1786; x_wconf 84' lang='lat' dir='ltr'><strong>sapientia</strong></span> <span class='ocrx_word' id='word_1_97' title='bbox 447 1703 593 1770; x_wconf 85' lang='lat' dir='ltr'><strong>bonitate</strong></span> <span class='ocrx_word' id='word_1_98' title='bbox 625 1704 746 1768; x_wconf 91' lang='lat' dir='ltr'><strong>iustitia</strong></span> <span class='ocrx_word' id='word_1_99' title='bbox 771 1703 941 1784; x_wconf 84' lang='lat' dir='ltr'><strong>gubernat,</strong></span> <span class='ocrx_word' id='word_1_100' title='bbox 966 1704 1092 1786; x_wconf 86' lang='lat' dir='ltr'><strong>integra</strong></span> <span class='ocrx_word' id='word_1_101' title='bbox 1115 1713 1273 1781; x_wconf 90' lang='lat' dir='ltr'><strong>servatur,</strong></span> <span class='ocrx_word' id='word_1_102' title='bbox 1296 1725 1381 1787; x_wconf 88' lang='lat' dir='ltr'><strong>quae</strong></span> 
     </span>
     <span class='ocr_line' id='line_1_14' title="bbox 259 1801 1380 1903; baseline -0.002 -20"><span class='ocrx_word' id='word_1_103' title='bbox 259 1821 381 1903; x_wconf 88' lang='lat' dir='ltr'><strong>ubique</strong></span> <span class='ocrx_word' id='word_1_104' title='bbox 405 1820 438 1882; x_wconf 95' lang='lat' dir='ltr'><strong>in</strong></span> <span class='ocrx_word' id='word_1_105' title='bbox 458 1818 615 1901; x_wconf 88' lang='lat' dir='ltr'><strong>Aeschyli</strong></span> <span class='ocrx_word' id='word_1_106' title='bbox 637 1801 814 1900; x_wconf 81' lang='lat' dir='ltr'><strong>tragoediis</strong></span> <span class='ocrx_word' id='word_1_107' title='bbox 827 1838 957 1881; x_wconf 91' lang='lat' dir='ltr'><strong>summa</strong></span> <span class='ocrx_word' id='word_1_108' title='bbox 969 1838 1030 1881; x_wconf 92' lang='lat' dir='ltr'><strong>nos</strong></span> <span class='ocrx_word' id='word_1_109' title='bbox 1044 1817 1145 1899; x_wconf 88' lang='lat' dir='ltr'><strong>replet</strong></span> <span class='ocrx_word' id='word_1_110' title='bbox 1156 1817 1380 1895; x_wconf 88' lang='lat' dir='ltr'><strong>admiratione,</strong></span> 
     </span>
     <span class='ocr_line' id='line_1_15' title="bbox 248 1931 1381 2019; baseline -0.004 -21"><span class='ocrx_word' id='word_1_111' title='bbox 248 1937 315 2019; x_wconf 89' lang='lat' dir='ltr'><strong>qui</strong></span> <span class='ocrx_word' id='word_1_112' title='bbox 353 1955 443 1999; x_wconf 88' lang='lat' dir='ltr'><strong>mare</strong></span> <span class='ocrx_word' id='word_1_113' title='bbox 478 1933 569 1997; x_wconf 90' lang='lat' dir='ltr'><strong>caelo</strong></span> <span class='ocrx_word' id='word_1_114' title='bbox 604 1934 790 2015; x_wconf 86' lang='lat' dir='ltr'><strong>permiscet,</strong></span> <span class='ocrx_word' id='word_1_115' title='bbox 826 1932 882 2014; x_wconf 92' lang='lat' dir='ltr'><strong>qui</strong></span> <span class='ocrx_word' id='word_1_116' title='bbox 917 1953 977 1994; x_wconf 90' lang='lat' dir='ltr'><strong>sua</strong></span> <span class='ocrx_word' id='word_1_117' title='bbox 1000 1931 1136 1995; x_wconf 84' lang='lat' dir='ltr'><strong>fulmina</strong></span> <span class='ocrx_word' id='word_1_118' title='bbox 1159 1933 1191 1994; x_wconf 94' lang='lat' dir='ltr'><strong>in</strong></span> <span class='ocrx_word' id='word_1_119' title='bbox 1214 1931 1381 2014; x_wconf 90' lang='lat' dir='ltr'><strong>improbos</strong></span> 
     </span>
     <span class='ocr_line' id='line_1_16' title="bbox 249 2045 1382 2134; baseline -0.003 -21"><span class='ocrx_word' id='word_1_120' title='bbox 249 2058 358 2134; x_wconf 18' lang='lat' dir='ltr'><strong>‚atque</strong></span> <span class='ocrx_word' id='word_1_121' title='bbox 380 2048 535 2115; x_wconf 88' lang='lat' dir='ltr'><strong>scelestos</strong></span> <span class='ocrx_word' id='word_1_122' title='bbox 560 2048 743 2129; x_wconf 90' lang='lat' dir='ltr'><strong>detorquet,</strong></span> <span class='ocrx_word' id='word_1_123' title='bbox 769 2048 823 2128; x_wconf 91' lang='lat' dir='ltr'><strong>qui</strong></span> <span class='ocrx_word' id='word_1_124' title='bbox 849 2045 974 2108; x_wconf 89' lang='lat' dir='ltr'><strong>miseris</strong></span> <span class='ocrx_word' id='word_1_125' title='bbox 999 2055 1031 2109; x_wconf 87' lang='lat' dir='ltr'><strong>et</strong></span> <span class='ocrx_word' id='word_1_126' title='bbox 1054 2046 1305 2129; x_wconf 86' lang='lat' dir='ltr'><strong>implorantibus</strong></span> <span class='ocrx_word' id='word_1_127' title='bbox 1323 2068 1382 2110; x_wconf 91' lang='lat' dir='ltr'><strong>sua</strong></span> 
     </span>
     <span class='ocr_line' id='line_1_17' title="bbox 253 2160 1382 2245; baseline 0.001 -22"><span class='ocrx_word' id='word_1_128' title='bbox 253 2183 325 2244; x_wconf 78' lang='lat' dir='ltr'><strong>‚ope</strong></span> <span class='ocrx_word' id='word_1_129' title='bbox 348 2163 452 2239; x_wconf 88' lang='lat' dir='ltr'><strong>adest,</strong></span> <span class='ocrx_word' id='word_1_130' title='bbox 477 2163 529 2224; x_wconf 93' lang='lat' dir='ltr'><strong>cui</strong></span> <span class='ocrx_word' id='word_1_131' title='bbox 554 2160 703 2224; x_wconf 92' lang='lat' dir='ltr'><strong>homines</strong></span> <span class='ocrx_word' id='word_1_132' title='bbox 723 2162 864 2242; x_wconf 90' lang='lat' dir='ltr'><strong>denique</strong></span> <span class='ocrx_word' id='word_1_133' title='bbox 876 2181 1040 2225; x_wconf 92' lang='lat' dir='ltr'><strong>summam</strong></span> <span class='ocrx_word' id='word_1_134' title='bbox 1053 2162 1206 2244; x_wconf 91' lang='lat' dir='ltr'><strong>pietatem</strong></span> <span class='ocrx_word' id='word_1_135' title='bbox 1219 2163 1382 2245; x_wconf 89' lang='lat' dir='ltr'><strong>perfectis-</strong></span> 
     </span>
     <span class='ocr_line' id='line_1_18' title="bbox 224 2267 919 2359; baseline -0.007 -17"><span class='ocrx_word' id='word_1_136' title='bbox 224 2267 226 2272; x_wconf 52' lang='grc'>’</span> <span class='ocrx_word' id='word_1_137' title='bbox 261 2278 444 2359; x_wconf 82' lang='lat' dir='ltr'><strong>simamque</strong></span> <span class='ocrx_word' id='word_1_138' title='bbox 467 2276 708 2340; x_wconf 89' lang='lat' dir='ltr'><strong>oboedientiam</strong></span> <span class='ocrx_word' id='word_1_139' title='bbox 733 2275 862 2338; x_wconf 89' lang='lat' dir='ltr'><strong>debent.</strong></span> <span class='ocrx_word' id='word_1_140' title='bbox 888 2279 919 2354; x_wconf 81' lang='lat'><strong>3)</strong></span> 
     </span>
    </p>
   </div>
   <div class='ocr_carea' id='block_1_3' title="bbox 250 2501 1385 3024">
    <p class='ocr_par' dir='ltr' id='par_1_3' title="bbox 250 2501 1385 3024">
     <span class='ocr_line' id='line_1_19' title="bbox 306 2501 1381 2587; baseline 0.001 -21"><span class='ocrx_word' id='word_1_141' title='bbox 306 2505 483 2587; x_wconf 91' lang='lat' dir='ltr'><strong>Postquam</strong></span> <span class='ocrx_word' id='word_1_142' title='bbox 519 2523 617 2585; x_wconf 92' lang='lat' dir='ltr'><strong>supra</strong></span> <span class='ocrx_word' id='word_1_143' title='bbox 648 2504 791 2566; x_wconf 91' lang='lat' dir='ltr'><strong>vidimus</strong></span> <span class='ocrx_word' id='word_1_144' title='bbox 815 2502 929 2565; x_wconf 91' lang='lat' dir='ltr'><strong>Iovem</strong></span> <span class='ocrx_word' id='word_1_145' title='bbox 952 2501 1181 2584; x_wconf 85' lang='lat' dir='ltr'><strong>Aeschyleum</strong></span> <span class='ocrx_word' id='word_1_146' title='bbox 1206 2523 1381 2584; x_wconf 89' lang='lat' dir='ltr'><strong>personam</strong></span> 
     </span>
     <span class='ocr_line' id='line_1_20' title="bbox 250 2616 1383 2699; baseline -0.004 -16"><span class='ocrx_word' id='word_1_147' title='bbox 250 2639 332 2683; x_wconf 84' lang='lat' dir='ltr'><strong>›esse</strong></span> <span class='ocrx_word' id='word_1_148' title='bbox 365 2620 416 2681; x_wconf 91' lang='lat' dir='ltr'><strong>sui</strong></span> <span class='ocrx_word' id='word_1_149' title='bbox 451 2618 667 2699; x_wconf 90' lang='lat' dir='ltr'><strong>omniumque</strong></span> <span class='ocrx_word' id='word_1_150' title='bbox 703 2637 811 2681; x_wconf 88' lang='lat' dir='ltr'><strong>rerum</strong></span> <span class='ocrx_word' id='word_1_151' title='bbox 842 2619 1021 2694; x_wconf 84' lang='lat' dir='ltr'><strong>conscium,</strong></span> <span class='ocrx_word' id='word_1_152' title='bbox 1046 2638 1132 2679; x_wconf 92' lang='lat' dir='ltr'><strong>nunc</strong></span> <span class='ocrx_word' id='word_1_153' title='bbox 1156 2618 1220 2680; x_wconf 91' lang='lat' dir='ltr'><strong>iam</strong></span> <span class='ocrx_word' id='word_1_154' title='bbox 1243 2616 1296 2679; x_wconf 91' lang='lat' dir='ltr'><strong>alii</strong></span> <span class='ocrx_word' id='word_1_155' title='bbox 1321 2616 1383 2679; x_wconf 89' lang='lat' dir='ltr'><strong>loci</strong></span> 
     </span>
     <span class='ocr_line' id='line_1_21' title="bbox 259 2731 1383 2814; baseline 0 -20"><span class='ocrx_word' id='word_1_156' title='bbox 259 2733 359 2803; x_wconf 85' lang='lat' dir='ltr'><strong>animi</strong></span> <span class='ocrx_word' id='word_1_157' title='bbox 391 2732 560 2814; x_wconf 87' lang='lat' dir='ltr'><strong>requirunt</strong></span> <span class='ocrx_word' id='word_1_158' title='bbox 590 2732 816 2808; x_wconf 84' lang='lat' dir='ltr'><strong>attentionem,</strong></span> <span class='ocrx_word' id='word_1_159' title='bbox 841 2732 959 2813; x_wconf 89' lang='lat' dir='ltr'><strong>quibus</strong></span> <span class='ocrx_word' id='word_1_160' title='bbox 982 2733 1099 2813; x_wconf 87' lang='lat' dir='ltr'><strong>partim</strong></span> <span class='ocrx_word' id='word_1_161' title='bbox 1124 2731 1248 2794; x_wconf 93' lang='lat' dir='ltr'><strong>numini</strong></span> <span class='ocrx_word' id='word_1_162' title='bbox 1273 2732 1383 2796; x_wconf 90' lang='lat' dir='ltr'><strong>divino</strong></span> 
     </span>
     <span class='ocr_line' id='line_1_22' title="bbox 260 2846 1385 2933; baseline -0.001 -24"><span class='ocrx_word' id='word_1_163' title='bbox 260 2846 442 2909; x_wconf 91' lang='lat' dir='ltr'><strong>humanum</strong></span> <span class='ocrx_word' id='word_1_164' title='bbox 466 2869 585 2933; x_wconf 89' lang='lat' dir='ltr'><strong>corpus</strong></span> <span class='ocrx_word' id='word_1_165' title='bbox 608 2847 771 2923; x_wconf 86' lang='lat' dir='ltr'><strong>tribuitur,</strong></span> <span class='ocrx_word' id='word_1_166' title='bbox 795 2847 913 2928; x_wconf 87' lang='lat' dir='ltr'><strong>partim</strong></span> <span class='ocrx_word' id='word_1_167' title='bbox 932 2846 974 2909; x_wconf 95' lang='lat' dir='ltr'><strong>de</strong></span> <span class='ocrx_word' id='word_1_168' title='bbox 992 2846 1130 2911; x_wconf 90' lang='lat' dir='ltr'><strong>deorum</strong></span> <span class='ocrx_word' id='word_1_169' title='bbox 1143 2846 1385 2911; x_wconf 89' lang='lat' dir='ltr'><strong>immortalitate</strong></span> 
     </span>
     <span class='ocr_line' id='line_1_23' title="bbox 262 2970 455 3024; baseline 0.005 -1"><span class='ocrx_word' id='word_1_170' title='bbox 262 2981 378 3024; x_wconf 91' lang='lat' dir='ltr'><strong>sermo.</strong></span> <span class='ocrx_word' id='word_1_171' title='bbox 394 2970 455 3024; x_wconf 90' lang='lat' dir='ltr'><strong>est.</strong></span> 
     </span>
    </p>
   </div>
   <div class='ocr_carea' id='block_1_4' title="bbox 262 3171 1448 4429">
    <p class='ocr_par' dir='ltr' id='par_1_4' title="bbox 262 3171 1385 3329">
     <span class='ocr_line' id='line_1_24' title="bbox 298 3171 1385 3244; baseline 0.001 -22"><span class='ocrx_word' id='word_1_172' title='bbox 298 3171 320 3240; x_wconf 83' lang='lat'><strong>1)</strong></span> <span class='ocrx_word' id='word_1_173' title='bbox 338 3174 379 3244; x_wconf 87' lang='lat' dir='ltr'><strong>In</strong></span> <span class='ocrx_word' id='word_1_174' title='bbox 392 3173 505 3222; x_wconf 88' lang='lat' dir='ltr'><strong>Lobeck.</strong></span> <span class='ocrx_word' id='word_1_175' title='bbox 528 3173 657 3241; x_wconf 85' lang='lat' dir='ltr'><strong>Aglaoph.</strong></span> <span class='ocrx_word' id='word_1_176' title='bbox 681 3174 730 3222; x_wconf 90' lang='lat' dir='ltr'><strong>hoc</strong></span> <span class='ocrx_word' id='word_1_177' title='bbox 753 3174 922 3237; x_wconf 81' lang='lat' dir='ltr'><strong>fragmentum</strong></span> <span class='ocrx_word' id='word_1_178' title='bbox 946 3173 1072 3224; x_wconf 89' lang='lat' dir='ltr'><strong>invenitur</strong></span> <span class='ocrx_word' id='word_1_179' title='bbox 1088 3174 1110 3236; x_wconf 88' lang='lat'><strong>1,</strong></span> <span class='ocrx_word' id='word_1_180' title='bbox 1129 3184 1176 3241; x_wconf 84' lang='lat'><strong>523</strong></span> <span class='ocrx_word' id='word_1_181' title='bbox 1195 3189 1252 3223; x_wconf 88' lang='lat' dir='ltr'><strong>cum</strong></span> <span class='ocrx_word' id='word_1_182' title='bbox 1271 3173 1385 3223; x_wconf 89' lang='lat' dir='ltr'><strong>versione</strong></span> 
     </span>
     <span class='ocr_line' id='line_1_25' title="bbox 262 3263 720 3329; baseline -0.002 -15"><span class='ocrx_word' id='word_1_183' title='bbox 262 3265 360 3325; x_wconf 87' lang='lat' dir='ltr'><strong>Latina,</strong></span> <span class='ocrx_word' id='word_1_184' title='bbox 379 3264 572 3328; x_wconf 83' lang='lat' dir='ltr'><strong>quamexhibet</strong></span> <span class='ocrx_word' id='word_1_185' title='bbox 589 3263 720 3329; x_wconf 91' lang='lat' dir='ltr'><strong>Apuleius.</strong></span> 
     </span>
    </p>

    <p class='ocr_par' dir='ltr' id='par_1_5' title="bbox 263 3354 1448 3866">
     <span class='ocr_line' id='line_1_26' title="bbox 296 3354 1385 3424; baseline -0.001 -20"><span class='ocrx_word' id='word_1_186' title='bbox 296 3354 321 3422; x_wconf 86' lang='lat'><strong>2)</strong></span> <span class='ocrx_word' id='word_1_187' title='bbox 339 3355 388 3405; x_wconf 87' lang='lat' dir='ltr'><strong>Csr.</strong></span> <span class='ocrx_word' id='word_1_188' title='bbox 407 3357 438 3405; x_wconf 86' lang='lat' dir='ltr'><strong>ad</strong></span> <span class='ocrx_word' id='word_1_189' title='bbox 455 3355 569 3404; x_wconf 89' lang='lat' dir='ltr'><strong>Corinth.</strong></span> <span class='ocrx_word' id='word_1_190' title='bbox 580 3355 600 3416; x_wconf 92' lang='lat' dir='ltr'><strong>I,</strong></span> <span class='ocrx_word' id='word_1_191' title='bbox 617 3356 641 3420; x_wconf 85' lang='lat'><strong>8,</strong></span> <span class='ocrx_word' id='word_1_192' title='bbox 650 3355 728 3419; x_wconf 79' lang='lat'>5—6:</span> <span class='ocrx_word' id='word_1_193' title='bbox 749 3357 792 3403; x_wconf 79' lang='grc' dir='ltr'><strong>καὶ</strong></span> <span class='ocrx_word' id='word_1_194' title='bbox 811 3357 863 3422; x_wconf 76' lang='grc' dir='ltr'><strong>γὰρ</strong></span> <span class='ocrx_word' id='word_1_195' title='bbox 882 3354 958 3424; x_wconf 76' lang='lat' dir='ltr'><strong>rl&#39;rrrp</strong></span> <span class='ocrx_word' id='word_1_196' title='bbox 977 3357 1026 3405; x_wconf 75' lang='lat' dir='ltr'><strong>riui</strong></span> <span class='ocrx_word' id='word_1_197' title='bbox 1045 3354 1184 3420; x_wconf 70' lang='grc' dir='ltr'><strong><em>λεγόμενοι</em></strong></span> <span class='ocrx_word' id='word_1_198' title='bbox 1205 3357 1264 3404; x_wconf 70' lang='grc' dir='ltr'><strong>θεοὶ</strong></span> <span class='ocrx_word' id='word_1_199' title='bbox 1282 3354 1385 3415; x_wconf 76' lang='grc' dir='ltr'><strong><em>πολλοὶ,</em></strong></span> 
     </span>
     <span class='ocr_line' id='line_1_27' title="bbox 263 3445 1386 3515; baseline -0.004 -17"><span class='ocrx_word' id='word_1_200' title='bbox 263 3447 317 3498; x_wconf 69' lang='lat' dir='ltr'><strong>aira</strong></span> <span class='ocrx_word' id='word_1_201' title='bbox 343 3449 372 3496; x_wconf 75' lang='grc' dir='ltr'><strong>ἓν</strong></span> <span class='ocrx_word' id='word_1_202' title='bbox 397 3449 508 3515; x_wconf 64' lang='grc' dir='ltr'><em>οὗρανῖρ,</em></span> <span class='ocrx_word' id='word_1_203' title='bbox 535 3445 589 3495; x_wconf 70' lang='grc' dir='ltr'><strong>εἴτε</strong></span> <span class='ocrx_word' id='word_1_204' title='bbox 615 3448 660 3494; x_wconf 74' lang='grc' dir='ltr'><strong>ἐπὶ</strong></span> <span class='ocrx_word' id='word_1_205' title='bbox 684 3451 735 3510; x_wconf 79' lang='grc' dir='ltr'><strong>τῆς</strong></span> <span class='ocrx_word' id='word_1_206' title='bbox 759 3452 809 3511; x_wconf 78' lang='grc' dir='ltr'><strong>γῆς</strong></span> <span class='ocrx_word' id='word_1_207' title='bbox 832 3445 929 3514; x_wconf 67' lang='grc' dir='ltr'><em>(ὥσπερ</em></span> <span class='ocrx_word' id='word_1_208' title='bbox 954 3449 1004 3497; x_wconf 72' lang='grc' dir='ltr'><strong>εἰσὶ</strong></span> <span class='ocrx_word' id='word_1_209' title='bbox 1029 3448 1090 3495; x_wconf 69' lang='grc' dir='ltr'><strong>θεοὶ</strong></span> <span class='ocrx_word' id='word_1_210' title='bbox 1114 3445 1217 3505; x_wconf 75' lang='grc' dir='ltr'><strong><em>πολλοί,</em></strong></span> <span class='ocrx_word' id='word_1_211' title='bbox 1243 3449 1286 3494; x_wconf 81' lang='grc' dir='ltr'><strong>καὶ</strong></span> <span class='ocrx_word' id='word_1_212' title='bbox 1304 3448 1386 3514; x_wconf 77' lang='grc' dir='ltr'><em>κύριοι</em></span> 
     </span>
     <span class='ocr_line' id='line_1_28' title="bbox 263 3525 1386 3607; baseline -0.003 -18"><span class='ocrx_word' id='word_1_213' title='bbox 263 3539 375 3607; x_wconf 72' lang='grc' dir='ltr'><strong>πολλοὶ)</strong></span> <span class='ocrx_word' id='word_1_214' title='bbox 393 3538 453 3587; x_wconf 77' lang='grc' dir='ltr'><strong>ἀλλ’</strong></span> <span class='ocrx_word' id='word_1_215' title='bbox 473 3541 538 3604; x_wconf 79' lang='grc' dir='ltr'><em>ἡμῖν</em></span> <span class='ocrx_word' id='word_1_216' title='bbox 556 3532 593 3596; x_wconf 72' lang='grc' dir='ltr'><strong>εἷς</strong></span> <span class='ocrx_word' id='word_1_217' title='bbox 615 3537 682 3595; x_wconf 74' lang='grc' dir='ltr'><strong><em>Θεὸς</em></strong></span> <span class='ocrx_word' id='word_1_218' title='bbox 699 3537 712 3586; x_wconf 80' lang='grc' dir='ltr'><strong><em>ὅ</em></strong></span> <span class='ocrx_word' id='word_1_219' title='bbox 730 3541 831 3606; x_wconf 77' lang='grc' dir='ltr'><em>πατήρ,</em></span> <span class='ocrx_word' id='word_1_220' title='bbox 856 3539 888 3593; x_wconf 79' lang='grc' dir='ltr'><strong>ἒξ</strong></span> <span class='ocrx_word' id='word_1_221' title='bbox 912 3525 949 3588; x_wconf 73' lang='grc' dir='ltr'><strong>οὗ</strong></span> <span class='ocrx_word' id='word_1_222' title='bbox 973 3541 1014 3586; x_wconf 88' lang='grc' dir='ltr'><strong>τὰ</strong></span> <span class='ocrx_word' id='word_1_223' title='bbox 1038 3538 1172 3596; x_wconf 76' lang='grc' dir='ltr'><em>πάντα,</em></span> <span class='ocrx_word' id='word_1_224' title='bbox 1193 3539 1236 3586; x_wconf 71' lang='grc' dir='ltr'><strong>καὶ</strong></span> <span class='ocrx_word' id='word_1_225' title='bbox 1256 3539 1332 3602; x_wconf 63' lang='grc' dir='ltr'><em>ἡμεῖς</em></span> <span class='ocrx_word' id='word_1_226' title='bbox 1349 3541 1386 3594; x_wconf 75' lang='grc' dir='ltr'><strong>εἰς</strong></span> 
     </span>
     <span class='ocr_line' id='line_1_29' title="bbox 263 3619 1448 3698; baseline -0.003 -16"><span class='ocrx_word' id='word_1_227' title='bbox 263 3632 353 3682; x_wconf 75' lang='grc' dir='ltr'><em>αὐτόν·</em></span> <span class='ocrx_word' id='word_1_228' title='bbox 379 3633 422 3680; x_wconf 78' lang='grc' dir='ltr'><strong>καὶ</strong></span> <span class='ocrx_word' id='word_1_229' title='bbox 441 3626 477 3689; x_wconf 71' lang='grc' dir='ltr'><strong>εἷς·</strong></span> <span class='ocrx_word' id='word_1_230' title='bbox 495 3632 595 3698; x_wconf 69' lang='grc' dir='ltr'><em>Κύριος</em></span> <span class='ocrx_word' id='word_1_231' title='bbox 612 3631 717 3696; x_wconf 79' lang='grc' dir='ltr'>Ἰησοῦς</span> <span class='ocrx_word' id='word_1_232' title='bbox 735 3629 864 3698; x_wconf 77' lang='grc' dir='ltr'><em>Χριστός,</em></span> <span class='ocrx_word' id='word_1_233' title='bbox 891 3630 941 3678; x_wconf 76' lang='grc' dir='ltr'><strong>δι’</strong></span> <span class='ocrx_word' id='word_1_234' title='bbox 965 3619 1002 3680; x_wconf 72' lang='grc' dir='ltr'><strong>οὗ</strong></span> <span class='ocrx_word' id='word_1_235' title='bbox 1026 3631 1065 3677; x_wconf 84' lang='grc' dir='ltr'><strong>τὰ</strong></span> <span class='ocrx_word' id='word_1_236' title='bbox 1090 3629 1224 3688; x_wconf 79' lang='grc' dir='ltr'><em>πάντα,</em></span> <span class='ocrx_word' id='word_1_237' title='bbox 1250 3631 1294 3677; x_wconf 78' lang='grc' dir='ltr'><strong>καὶ</strong></span> <span class='ocrx_word' id='word_1_238' title='bbox 1311 3631 1387 3694; x_wconf 72' lang='grc' dir='ltr'><em>ἡμεῖς</em></span> <span class='ocrx_word' id='word_1_239' title='bbox 1444 3658 1448 3666; x_wconf 90' lang='grc'>-</span> 
     </span>
     <span class='ocr_line' id='line_1_30' title="bbox 264 3720 1387 3785; baseline -0.004 -11"><span class='ocrx_word' id='word_1_240' title='bbox 264 3725 301 3774; x_wconf 76' lang='grc' dir='ltr'><strong>δι’</strong></span> <span class='ocrx_word' id='word_1_241' title='bbox 320 3726 411 3775; x_wconf 82' lang='grc' dir='ltr'><em>αὐτοῦ.</em></span> <span class='ocrx_word' id='word_1_242' title='bbox 436 3724 469 3772; x_wconf 83' lang='lat' dir='ltr'><strong>Et</strong></span> <span class='ocrx_word' id='word_1_243' title='bbox 487 3724 519 3772; x_wconf 86' lang='lat' dir='ltr'><strong>ad</strong></span> <span class='ocrx_word' id='word_1_244' title='bbox 538 3723 613 3773; x_wconf 87' lang='lat' dir='ltr'><strong>Rom.</strong></span> <span class='ocrx_word' id='word_1_245' title='bbox 632 3722 678 3785; x_wconf 88' lang='lat' dir='ltr'><strong>XI,</strong></span> <span class='ocrx_word' id='word_1_246' title='bbox 696 3722 742 3785; x_wconf 85' lang='lat'><strong>36:</strong></span> <span class='ocrx_word' id='word_1_247' title='bbox 767 3723 808 3771; x_wconf 77' lang='grc' dir='ltr'><strong>ὅτι</strong></span> <span class='ocrx_word' id='word_1_248' title='bbox 824 3722 850 3776; x_wconf 71' lang='grc' dir='ltr'><strong>ἐξ</strong></span> <span class='ocrx_word' id='word_1_249' title='bbox 869 3722 952 3770; x_wconf 64' lang='grc' dir='ltr'><em>αὐτοῦ</em></span> <span class='ocrx_word' id='word_1_250' title='bbox 971 3722 1014 3768; x_wconf 80' lang='grc' dir='ltr'><strong>καὶ</strong></span> <span class='ocrx_word' id='word_1_251' title='bbox 1033 3720 1069 3768; x_wconf 76' lang='grc' dir='ltr'><strong>δι’</strong></span> <span class='ocrx_word' id='word_1_252' title='bbox 1089 3720 1171 3769; x_wconf 65' lang='grc' dir='ltr'><em>αὑτοῦ</em></span> <span class='ocrx_word' id='word_1_253' title='bbox 1190 3721 1233 3768; x_wconf 80' lang='grc' dir='ltr'><strong>καὶ</strong></span> <span class='ocrx_word' id='word_1_254' title='bbox 1250 3723 1288 3778; x_wconf 66' lang='grc' dir='ltr'><strong>εἰς</strong></span> <span class='ocrx_word' id='word_1_255' title='bbox 1305 3721 1387 3770; x_wconf 72' lang='grc' dir='ltr'><em>αὑτὸν</em></span> 
     </span>
     <span class='ocr_line' id='line_1_31' title="bbox 263 3816 418 3866; baseline -0.019 0"><span class='ocrx_word' id='word_1_256' title='bbox 263 3819 299 3866; x_wconf 82' lang='grc' dir='ltr'><strong>τὰ</strong></span> <span class='ocrx_word' id='word_1_257' title='bbox 317 3816 418 3865; x_wconf 79' lang='grc' dir='ltr'><em>πάντα·</em></span> 
     </span>
    </p>

    <p class='ocr_par' dir='ltr' id='par_1_6' title="bbox 263 3902 1389 4429">
     <span class='ocr_line' id='line_1_32' title="bbox 298 3902 1388 3973; baseline -0.004 -17"><span class='ocrx_word' id='word_1_258' title='bbox 298 3907 322 3973; x_wconf 88' lang='lat'><strong>3)</strong></span> <span class='ocrx_word' id='word_1_259' title='bbox 340 3907 498 3972; x_wconf 82' lang='lat' dir='ltr'><strong>Quamquam</strong></span> <span class='ocrx_word' id='word_1_260' title='bbox 516 3906 592 3972; x_wconf 85' lang='lat' dir='ltr'><strong>igitur</strong></span> <span class='ocrx_word' id='word_1_261' title='bbox 610 3907 687 3971; x_wconf 75' lang='grc' dir='ltr'><strong><em>χθὼν</em></strong></span> <span class='ocrx_word' id='word_1_262' title='bbox 705 3912 729 3954; x_wconf 93' lang='lat' dir='ltr'><strong>et</strong></span> <span class='ocrx_word' id='word_1_263' title='bbox 747 3906 835 3972; x_wconf 76' lang='grc' dir='ltr'><em>αἰθὴρ</em></span> <span class='ocrx_word' id='word_1_264' title='bbox 854 3910 982 3967; x_wconf 83' lang='lat' dir='ltr'><strong>tamquam</strong></span> <span class='ocrx_word' id='word_1_265' title='bbox 1000 3919 1121 3968; x_wconf 87' lang='lat' dir='ltr'><strong>personae</strong></span> <span class='ocrx_word' id='word_1_266' title='bbox 1134 3902 1305 3968; x_wconf 86' lang='lat' dir='ltr'><strong>implorantur,</strong></span> <span class='ocrx_word' id='word_1_267' title='bbox 1315 3904 1388 3953; x_wconf 89' lang='lat' dir='ltr'><strong>nobis</strong></span> 
     </span>
     <span class='ocr_line' id='line_1_33' title="bbox 263 3995 1388 4064; baseline -0.003 -16"><span class='ocrx_word' id='word_1_268' title='bbox 263 4005 320 4064; x_wconf 89' lang='lat' dir='ltr'><strong>post</strong></span> <span class='ocrx_word' id='word_1_269' title='bbox 345 4000 408 4048; x_wconf 87' lang='lat' dir='ltr'><strong>illud</strong></span> <span class='ocrx_word' id='word_1_270' title='bbox 432 4000 599 4064; x_wconf 82' lang='lat' dir='ltr'><strong>fragmentum</strong></span> <span class='ocrx_word' id='word_1_271' title='bbox 623 4000 800 4063; x_wconf 87' lang='lat' dir='ltr'><strong>pertractatum</strong></span> <span class='ocrx_word' id='word_1_272' title='bbox 825 3997 875 4046; x_wconf 82' lang='lat' dir='ltr'><strong>iam</strong></span> <span class='ocrx_word' id='word_1_273' title='bbox 892 3995 1050 4060; x_wconf 89' lang='lat' dir='ltr'><strong>perspicuum</strong></span> <span class='ocrx_word' id='word_1_274' title='bbox 1067 4002 1104 4047; x_wconf 88' lang='lat' dir='ltr'><strong>est</strong></span> <span class='ocrx_word' id='word_1_275' title='bbox 1120 3995 1168 4044; x_wconf 91' lang='lat' dir='ltr'><strong>hos</strong></span> <span class='ocrx_word' id='word_1_276' title='bbox 1184 4010 1236 4046; x_wconf 87' lang='lat' dir='ltr'><strong>nou</strong></span> <span class='ocrx_word' id='word_1_277' title='bbox 1253 4010 1312 4046; x_wconf 86' lang='lat' dir='ltr'><strong>vere</strong></span> <span class='ocrx_word' id='word_1_278' title='bbox 1327 3995 1388 4046; x_wconf 93' lang='lat' dir='ltr'><strong>deos</strong></span> 
     </span>
     <span class='ocr_line' id='line_1_34' title="bbox 264 4085 1388 4155; baseline -0.003 -15"><span class='ocrx_word' id='word_1_279' title='bbox 264 4106 318 4140; x_wconf 87' lang='lat' dir='ltr'><strong>esse</strong></span> <span class='ocrx_word' id='word_1_280' title='bbox 340 4092 474 4155; x_wconf 88' lang='lat' dir='ltr'><strong>putandos.</strong></span> <span class='ocrx_word' id='word_1_281' title='bbox 502 4090 596 4138; x_wconf 85' lang='lat' dir='ltr'><strong>Partim</strong></span> <span class='ocrx_word' id='word_1_282' title='bbox 619 4089 668 4138; x_wconf 88' lang='lat' dir='ltr'><strong>hoc</strong></span> <span class='ocrx_word' id='word_1_283' title='bbox 686 4097 721 4155; x_wconf 76' lang='grc' dir='ltr'><strong>τῇ</strong></span> <span class='ocrx_word' id='word_1_284' title='bbox 739 4088 940 4151; x_wconf 68' lang='grc' dir='ltr'><strong>δεισιδαιμονίᾳ</strong></span> <span class='ocrx_word' id='word_1_285' title='bbox 960 4086 1114 4137; x_wconf 89' lang='lat' dir='ltr'><strong>Graecorum</strong></span> <span class='ocrx_word' id='word_1_286' title='bbox 1131 4085 1216 4152; x_wconf 82' lang='lat' dir='ltr'><strong>(quam</strong></span> <span class='ocrx_word' id='word_1_287' title='bbox 1234 4087 1388 4152; x_wconf 87' lang='lat' dir='ltr'><strong>Aeschylum</strong></span> 
     </span>
     <span class='ocr_line' id='line_1_35' title="bbox 264 4178 1388 4246; baseline -0.002 -16"><span class='ocrx_word' id='word_1_288' title='bbox 264 4182 290 4230; x_wconf 90' lang='lat' dir='ltr'><strong>in</strong></span> <span class='ocrx_word' id='word_1_289' title='bbox 307 4181 358 4230; x_wconf 89' lang='lat' dir='ltr'><strong>suis</strong></span> <span class='ocrx_word' id='word_1_290' title='bbox 380 4182 522 4246; x_wconf 85' lang='lat' dir='ltr'><strong>tragoediis,</strong></span> <span class='ocrx_word' id='word_1_291' title='bbox 546 4181 689 4246; x_wconf 84' lang='lat' dir='ltr'><strong>depinxisse</strong></span> <span class='ocrx_word' id='word_1_292' title='bbox 713 4180 840 4229; x_wconf 90' lang='lat' dir='ltr'><strong>neminem</strong></span> <span class='ocrx_word' id='word_1_293' title='bbox 863 4178 990 4244; x_wconf 85' lang='lat' dir='ltr'><strong>offendet),</strong></span> <span class='ocrx_word' id='word_1_294' title='bbox 1013 4195 1064 4244; x_wconf 82' lang='lat' dir='ltr'><strong>qua</strong></span> <span class='ocrx_word' id='word_1_295' title='bbox 1081 4178 1165 4227; x_wconf 80' lang='lat' dir='ltr'><strong>omnia</strong></span> <span class='ocrx_word' id='word_1_296' title='bbox 1182 4178 1284 4227; x_wconf 87' lang='lat' dir='ltr'><strong>numine</strong></span> <span class='ocrx_word' id='word_1_297' title='bbox 1301 4178 1388 4228; x_wconf 89' lang='lat' dir='ltr'><strong>divino</strong></span> 
     </span>
     <span class='ocr_line' id='line_1_36' title="bbox 265 4271 1389 4339; baseline -0.002 -18"><span class='ocrx_word' id='word_1_298' title='bbox 265 4273 358 4338; x_wconf 78' lang='lat' dir='ltr'><strong>repleta</strong></span> <span class='ocrx_word' id='word_1_299' title='bbox 382 4288 434 4321; x_wconf 89' lang='lat' dir='ltr'><strong>esse</strong></span> <span class='ocrx_word' id='word_1_300' title='bbox 459 4273 602 4337; x_wconf 81' lang='lat' dir='ltr'><strong>credebant,</strong></span> <span class='ocrx_word' id='word_1_301' title='bbox 620 4273 780 4322; x_wconf 90' lang='lat' dir='ltr'><strong>tribuendum</strong></span> <span class='ocrx_word' id='word_1_302' title='bbox 797 4280 843 4339; x_wconf 89' lang='lat' dir='ltr'><strong>est,</strong></span> <span class='ocrx_word' id='word_1_303' title='bbox 859 4273 951 4338; x_wconf 86' lang='lat' dir='ltr'><strong>partim</strong></span> <span class='ocrx_word' id='word_1_304' title='bbox 968 4280 1004 4338; x_wconf 76' lang='grc' dir='ltr'><strong>τῇ</strong></span> <span class='ocrx_word' id='word_1_305' title='bbox 1021 4273 1230 4339; x_wconf 77' lang='grc' dir='ltr'><em>αροσωποποιίᾳ,</em></span> <span class='ocrx_word' id='word_1_306' title='bbox 1248 4285 1297 4334; x_wconf 83' lang='lat' dir='ltr'><strong>qua</strong></span> <span class='ocrx_word' id='word_1_307' title='bbox 1313 4271 1389 4320; x_wconf 84' lang='lat' dir='ltr'><strong>etiam</strong></span> 
     </span>
     <span class='ocr_line' id='line_1_37' title="bbox 266 4362 1157 4429; baseline 0.002 -17"><span class='ocrx_word' id='word_1_308' title='bbox 266 4379 311 4413; x_wconf 93' lang='lat' dir='ltr'><strong>nos</strong></span> <span class='ocrx_word' id='word_1_309' title='bbox 329 4378 375 4423; x_wconf 88' lang='lat' dir='ltr'><strong>res,</strong></span> <span class='ocrx_word' id='word_1_310' title='bbox 393 4362 464 4427; x_wconf 87' lang='lat' dir='ltr'><strong>quasi</strong></span> <span class='ocrx_word' id='word_1_311' title='bbox 482 4371 563 4412; x_wconf 87' lang='lat' dir='ltr'><strong>essent</strong></span> <span class='ocrx_word' id='word_1_312' title='bbox 580 4380 710 4429; x_wconf 81' lang='lat' dir='ltr'><strong>personae,</strong></span> <span class='ocrx_word' id='word_1_313' title='bbox 728 4378 909 4429; x_wconf 86' lang='lat' dir='ltr'><strong>nonnunquam</strong></span> <span class='ocrx_word' id='word_1_314' title='bbox 926 4362 1021 4428; x_wconf 88' lang='lat' dir='ltr'><strong>alloqui</strong></span> <span class='ocrx_word' id='word_1_315' title='bbox 1039 4362 1157 4414; x_wconf 85' lang='lat' dir='ltr'><strong>solemus.</strong></span> 
     </span>
    </p>
   </div>
   <div class='ocr_carea' id='block_1_5' title="bbox 0 0 1573 4822">
    <p class='ocr_par' dir='ltr' id='par_1_7' title="bbox 0 0 1573 4822">
     <span class='ocr_line' id='line_1_38' title="bbox 0 0 1573 4822; baseline 0 0"><span class='ocrx_word' id='word_1_316' title='bbox 0 0 1573 4822; x_wconf 95' lang='lat' dir='ltr'><strong> </strong></span> 
     </span>
    </p>
   </div>
  </div>
 </body>
</html>
