<?xml version="1.0" encoding="UTF-8"?>
<!DOCTYPE html PUBLIC "-//W3C//DTD XHTML 1.0 Transitional//EN"
    "http://www.w3.org/TR/xhtml1/DTD/xhtml1-transitional.dtd">
<html xmlns="http://www.w3.org/1999/xhtml" xml:lang="en" lang="en">
 <head>
  <title>
</title>
<meta http-equiv="Content-Type" content="text/html;charset=utf-8" />
  <meta name='ocr-system' content='tesseract 3.04.00' />
  <meta name='ocr-capabilities' content='ocr_page ocr_carea ocr_par ocr_line ocrx_word'/>
</head>
<body>
  <div class='ocr_page' id='page_1' title='image "./dedeoaeschyleo00fiscgoog_0080.png"; bbox 0 0 3106 4822; ppageno 0'>
   <div class='ocr_carea' id='block_1_1' title="bbox 748 279 790 368">
    <p class='ocr_par' dir='ltr' id='par_1_1' title="bbox 748 279 790 368">
     <span class='ocr_line' id='line_1_1' title="bbox 748 279 790 368; baseline 0 0"><span class='ocrx_word' id='word_1_1' title='bbox 748 279 790 368; x_wconf 80' lang='lat'>65</span> 
     </span>
    </p>
   </div>
   <div class='ocr_carea' id='block_1_2' title="bbox 210 469 1337 1015">
    <p class='ocr_par' dir='ltr' id='par_1_2' title="bbox 210 469 1337 795">
     <span class='ocr_line' id='line_1_2' title="bbox 210 469 1335 559; baseline -0.006 -16"><span class='ocrx_word' id='word_1_2' title='bbox 210 478 296 543; x_wconf 87' lang='lat' dir='ltr'>hanc</span> <span class='ocrx_word' id='word_1_3' title='bbox 326 477 369 542; x_wconf 92' lang='lat' dir='ltr'>ob</span> <span class='ocrx_word' id='word_1_4' title='bbox 393 500 461 541; x_wconf 91' lang='lat' dir='ltr'>rem</span> <span class='ocrx_word' id='word_1_5' title='bbox 485 477 665 540; x_wconf 87' lang='lat' dir='ltr'>homicidas</span> <span class='ocrx_word' id='word_1_6' title='bbox 688 476 851 559; x_wconf 87' lang='lat' dir='ltr'><strong>persequi,</strong></span> <span class='ocrx_word' id='word_1_7' title='bbox 876 476 966 558; x_wconf 90' lang='lat' dir='ltr'>quod</span> <span class='ocrx_word' id='word_1_8' title='bbox 991 477 1071 546; x_wconf 70' lang='grc' dir='ltr'><em>Ζευς</em></span> <span class='ocrx_word' id='word_1_9' title='bbox 1094 472 1159 537; x_wconf 88' lang='lat' dir='ltr'>hoc</span> <span class='ocrx_word' id='word_1_10' title='bbox 1182 469 1335 537; x_wconf 85' lang='lat' dir='ltr'>odiosum</span> 
     </span>
     <span class='ocr_line' id='line_1_3' title="bbox 210 589 1337 678; baseline -0.006 -21"><span class='ocrx_word' id='word_1_11' title='bbox 210 616 314 678; x_wconf 86' lang='lat' dir='ltr'>genus</span> <span class='ocrx_word' id='word_1_12' title='bbox 338 593 510 656; x_wconf 88' lang='lat' dir='ltr'>hominum</span> <span class='ocrx_word' id='word_1_13' title='bbox 534 591 786 675; x_wconf 84' lang='lat' dir='ltr'>compellatione</span> <span class='ocrx_word' id='word_1_14' title='bbox 809 611 868 653; x_wconf 89' lang='lat' dir='ltr'>sua</span> <span class='ocrx_word' id='word_1_15' title='bbox 892 611 958 653; x_wconf 94' lang='lat' dir='ltr'>non</span> <span class='ocrx_word' id='word_1_16' title='bbox 981 591 1117 672; x_wconf 86' lang='lat' dir='ltr'>dignum</span> <span class='ocrx_word' id='word_1_17' title='bbox 1147 589 1337 653; x_wconf 85' lang='lat' dir='ltr'>iudicaverit</span> 
     </span>
     <span class='ocr_line' id='line_1_4' title="bbox 210 707 549 795; baseline -0.021 0"><span class='ocrx_word' id='word_1_18' title='bbox 210 709 314 795; x_wconf 63' lang='lat' dir='ltr'>(Eum</span> <span class='ocrx_word' id='word_1_19' title='bbox 341 707 549 790; x_wconf 82' lang='lat'>349-353)=</span> 
     </span>
    </p>

    <p class='ocr_par' dir='ltr' id='par_1_3' title="bbox 298 815 1126 901">
     <span class='ocr_line' id='line_1_5' title="bbox 298 815 1126 901; baseline -0.006 -19"><span class='ocrx_word' id='word_1_20' title='bbox 298 818 474 901; x_wconf 67' lang='grc' dir='ltr'><em>σπεύδομεν</em></span> <span class='ocrx_word' id='word_1_21' title='bbox 500 819 566 881; x_wconf 71' lang='grc' dir='ltr'><em>αἵδ’</em></span> <span class='ocrx_word' id='word_1_22' title='bbox 589 816 716 900; x_wconf 74' lang='grc' dir='ltr'><em>ἀφελεῖν</em></span> <span class='ocrx_word' id='word_1_23' title='bbox 741 821 817 881; x_wconf 82' lang='grc' dir='ltr'><em>τινὰ</em></span> <span class='ocrx_word' id='word_1_24' title='bbox 840 815 936 880; x_wconf 79' lang='grc' dir='ltr'><em>τάσδε</em></span> <span class='ocrx_word' id='word_1_25' title='bbox 961 817 1126 898; x_wconf 64' lang='grc' dir='ltr'><em>μερίμνας,</em></span> 
     </span>
    </p>

    <p class='ocr_par' dir='ltr' id='par_1_4' title="bbox 300 930 1101 1015">
     <span class='ocr_line' id='line_1_6' title="bbox 300 930 1101 1015; baseline -0.002 -19"><span class='ocrx_word' id='word_1_26' title='bbox 300 936 388 996; x_wconf 82' lang='grc' dir='ltr'><em>θεῶν</em></span> <span class='ocrx_word' id='word_1_27' title='bbox 412 933 441 996; x_wconf 72' lang='grc' dir='ltr'>δ’</span> <span class='ocrx_word' id='word_1_28' title='bbox 464 931 614 996; x_wconf 74' lang='grc' dir='ltr'><em>ἀτέλειαν</em></span> <span class='ocrx_word' id='word_1_29' title='bbox 641 935 743 1014; x_wconf 82' lang='grc' dir='ltr'><em>ἐμαῖσι</em></span> <span class='ocrx_word' id='word_1_30' title='bbox 768 930 873 1007; x_wconf 66' lang='grc' dir='ltr'><em>λιταῖς</em></span> <span class='ocrx_word' id='word_1_31' title='bbox 895 932 1101 1015; x_wconf 89' lang='grc' dir='ltr'><em>ἐπικραίνειν.</em></span> 
     </span>
    </p>
   </div>
   <div class='ocr_carea' id='block_1_3' title="bbox 300 1046 754 1133">
    <p class='ocr_par' dir='ltr' id='par_1_5' title="bbox 300 1046 754 1133">
     <span class='ocr_line' id='line_1_7' title="bbox 300 1046 754 1133; baseline -0.004 -21"><span class='ocrx_word' id='word_1_32' title='bbox 300 1048 373 1133; x_wconf 75' lang='grc' dir='ltr'><em>μηδ’</em></span> <span class='ocrx_word' id='word_1_33' title='bbox 397 1053 442 1122; x_wconf 75' lang='grc' dir='ltr'>εἷς</span> <span class='ocrx_word' id='word_1_34' title='bbox 465 1053 608 1130; x_wconf 78' lang='grc' dir='ltr'><em>ἄγκρισιν</em></span> <span class='ocrx_word' id='word_1_35' title='bbox 635 1046 754 1110; x_wconf 82' lang='grc' dir='ltr'><em>ἐλθεῖν·</em></span> 
     </span>
    </p>
   </div>
   <div class='ocr_carea' id='block_1_4' title="bbox 300 1158 1263 1244">
    <p class='ocr_par' dir='ltr' id='par_1_6' title="bbox 300 1158 1263 1244">
     <span class='ocr_line' id='line_1_8' title="bbox 300 1158 1263 1244; baseline -0.002 -20"><span class='ocrx_word' id='word_1_36' title='bbox 300 1167 380 1237; x_wconf 70' lang='grc' dir='ltr'><em>Ζεύς</em></span> <span class='ocrx_word' id='word_1_37' title='bbox 402 1166 462 1244; x_wconf 85' lang='grc' dir='ltr'>γὰρ</span> <span class='ocrx_word' id='word_1_38' title='bbox 487 1164 720 1243; x_wconf 71' lang='grc' dir='ltr'>αἱματοσταγέ,Ι</span> <span class='ocrx_word' id='word_1_39' title='bbox 742 1159 905 1242; x_wconf 83' lang='grc' dir='ltr'><em>ἀξιόμισον</em></span> <span class='ocrx_word' id='word_1_40' title='bbox 931 1161 1027 1234; x_wconf 77' lang='grc' dir='ltr'><em>ἔθνος</em></span> <span class='ocrx_word' id='word_1_41' title='bbox 1053 1159 1123 1224; x_wconf 90' lang='grc' dir='ltr'><em>τόδε</em></span> <span class='ocrx_word' id='word_1_42' title='bbox 1149 1158 1263 1244; x_wconf 79' lang='grc' dir='ltr'>λε’σχα,Ι</span> 
     </span>
    </p>
   </div>
   <div class='ocr_carea' id='block_1_5' title="bbox 213 1269 1344 4249">
    <p class='ocr_par' dir='ltr' id='par_1_7' title="bbox 213 1269 1344 4249">
     <span class='ocr_line' id='line_1_9' title="bbox 303 1269 584 1359; baseline -0.007 -19"><span class='ocrx_word' id='word_1_43' title='bbox 303 1269 342 1351; x_wconf 73' lang='grc' dir='ltr'>οἷς</span> <span class='ocrx_word' id='word_1_44' title='bbox 364 1275 584 1359; x_wconf 82' lang='grc' dir='ltr'><em>ἀπηξιώσατο,</em></span> 
     </span>
     <span class='ocr_line' id='line_1_10' title="bbox 213 1389 1335 1477; baseline -0.005 -19"><span class='ocrx_word' id='word_1_45' title='bbox 213 1403 245 1458; x_wconf 90' lang='lat' dir='ltr'>et</span> <span class='ocrx_word' id='word_1_46' title='bbox 278 1416 309 1459; x_wconf 90' lang='lat' dir='ltr'>v.</span> <span class='ocrx_word' id='word_1_47' title='bbox 347 1395 410 1474; x_wconf 83' lang='lat'>388</span> <span class='ocrx_word' id='word_1_48' title='bbox 446 1394 559 1457; x_wconf 89' lang='lat' dir='ltr'>dicunt</span> <span class='ocrx_word' id='word_1_49' title='bbox 581 1393 720 1477; x_wconf 86' lang='lat' dir='ltr'>Erinyes</span> <span class='ocrx_word' id='word_1_50' title='bbox 744 1413 841 1456; x_wconf 89' lang='lat' dir='ltr'>suurn</span> <span class='ocrx_word' id='word_1_51' title='bbox 866 1414 986 1457; x_wconf 88' lang='lat' dir='ltr'>munus</span> <span class='ocrx_word' id='word_1_52' title='bbox 1008 1414 1028 1456; x_wconf 90' lang='lat' dir='ltr'>a</span> <span class='ocrx_word' id='word_1_53' title='bbox 1051 1392 1112 1455; x_wconf 90' lang='lat' dir='ltr'>diis</span> <span class='ocrx_word' id='word_1_54' title='bbox 1136 1389 1198 1454; x_wconf 91' lang='lat' dir='ltr'>sibi</span> <span class='ocrx_word' id='word_1_55' title='bbox 1221 1390 1335 1461; x_wconf 83' lang='lat' dir='ltr'>datum</span> 
     </span>
     <span class='ocr_line' id='line_1_11' title="bbox 216 1508 591 1591; baseline -0.003 -21"><span class='ocrx_word' id='word_1_56' title='bbox 216 1523 290 1571; x_wconf 87' lang='lat' dir='ltr'>ess&#39;e</span> <span class='ocrx_word' id='word_1_57' title='bbox 314 1509 357 1591; x_wconf 84' lang='lat' dir='ltr'>(v.</span> <span class='ocrx_word' id='word_1_58' title='bbox 383 1508 591 1589; x_wconf 85' lang='lat'>385-389):</span> 
     </span>
     <span class='ocr_line' id='line_1_12' title="bbox 480 1610 924 1703; baseline -0.002 -22"><span class='ocrx_word' id='word_1_59' title='bbox 480 1619 530 1692; x_wconf 70' lang='grc' dir='ltr'>τίς</span> <span class='ocrx_word' id='word_1_60' title='bbox 553 1610 609 1680; x_wconf 78' lang='grc' dir='ltr'>οὖν</span> <span class='ocrx_word' id='word_1_61' title='bbox 635 1617 706 1682; x_wconf 84' lang='grc' dir='ltr'><em>τάδ’</em></span> <span class='ocrx_word' id='word_1_62' title='bbox 731 1620 786 1703; x_wconf 77' lang='grc' dir='ltr'>οὐχ</span> <span class='ocrx_word' id='word_1_63' title='bbox 811 1619 924 1694; x_wconf 82' lang='grc' dir='ltr'><em>ἅζεταί</em></span> 
     </span>
     <span class='ocr_line' id='line_1_13' title="bbox 483 1719 915 1807; baseline 0.002 -24"><span class='ocrx_word' id='word_1_64' title='bbox 483 1745 517 1783; x_wconf 93' lang='grc' dir='ltr'>τε</span> <span class='ocrx_word' id='word_1_65' title='bbox 543 1724 595 1783; x_wconf 85' lang='grc' dir='ltr'>καὶ</span> <span class='ocrx_word' id='word_1_66' title='bbox 619 1719 755 1784; x_wconf 82' lang='grc' dir='ltr'><em>δέδοικεν</em></span> <span class='ocrx_word' id='word_1_67' title='bbox 779 1723 915 1807; x_wconf 81' lang='grc' dir='ltr'><em>βροτῶν,</em></span> 
     </span>
     <span class='ocr_line' id='line_1_14' title="bbox 484 1821 829 1904; baseline 0.003 -19"><span class='ocrx_word' id='word_1_68' title='bbox 484 1826 556 1903; x_wconf 81' lang='grc' dir='ltr'><em>ἐμοῦ</em></span> <span class='ocrx_word' id='word_1_69' title='bbox 581 1821 685 1886; x_wconf 76' lang='grc' dir='ltr'><em>κλιλων</em></span> <span class='ocrx_word' id='word_1_70' title='bbox 710 1827 829 1904; x_wconf 87' lang='grc' dir='ltr'><em>θεσμόν</em></span> 
     </span>
     <span class='ocr_line' id='line_1_15' title="bbox 484 1927 959 2008; baseline 0.004 -22"><span class='ocrx_word' id='word_1_71' title='bbox 484 1928 539 1987; x_wconf 88' lang='grc' dir='ltr'>τόν</span> <span class='ocrx_word' id='word_1_72' title='bbox 562 1929 791 2008; x_wconf 88' lang='grc' dir='ltr'><em>μοιρόκραντον</em></span> <span class='ocrx_word' id='word_1_73' title='bbox 816 1927 848 1987; x_wconf 88' lang='grc' dir='ltr'>ἐκ</span> <span class='ocrx_word' id='word_1_74' title='bbox 872 1928 959 1988; x_wconf 84' lang='grc' dir='ltr'><em>θεῶν</em></span> 
     </span>
     <span class='ocr_line' id='line_1_16' title="bbox 484 2024 772 2104; baseline 0.007 -17"><span class='ocrx_word' id='word_1_75' title='bbox 484 2024 624 2088; x_wconf 79' lang='grc' dir='ltr'><em>δοθέντα</em></span> <span class='ocrx_word' id='word_1_76' title='bbox 647 2025 772 2104; x_wconf 67' lang='grc' dir='ltr'><em>τέλεονς</em></span> 
     </span>
     <span class='ocr_line' id='line_1_17' title="bbox 215 2141 1338 2226; baseline 0 -20"><span class='ocrx_word' id='word_1_77' title='bbox 215 2144 305 2226; x_wconf 90' lang='lat' dir='ltr'>quod</span> <span class='ocrx_word' id='word_1_78' title='bbox 340 2145 427 2205; x_wconf 91' lang='lat' dir='ltr'>iussu</span> <span class='ocrx_word' id='word_1_79' title='bbox 464 2141 561 2204; x_wconf 88' lang='lat' dir='ltr'>etiam</span> <span class='ocrx_word' id='word_1_80' title='bbox 596 2141 734 2205; x_wconf 88' lang='lat' dir='ltr'>deorum</span> <span class='ocrx_word' id='word_1_81' title='bbox 770 2164 922 2206; x_wconf 86' lang='lat' dir='ltr'>exercere</span> <span class='ocrx_word' id='word_1_82' title='bbox 955 2142 1118 2215; x_wconf 89' lang='lat' dir='ltr'>videntur,</span> <span class='ocrx_word' id='word_1_83' title='bbox 1154 2163 1229 2204; x_wconf 87' lang='lat' dir='ltr'>nam</span> <span class='ocrx_word' id='word_1_84' title='bbox 1254 2142 1338 2222; x_wconf 79' lang='lat' dir='ltr'>Sept.</span> 
     </span>
     <span class='ocr_line' id='line_1_18' title="bbox 215 2256 1339 2339; baseline -0.003 -18"><span class='ocrx_word' id='word_1_85' title='bbox 215 2256 394 2335; x_wconf 83' lang='lat'><strong>682-684</strong></span> <span class='ocrx_word' id='word_1_86' title='bbox 427 2256 547 2319; x_wconf 87' lang='lat' dir='ltr'>chorus</span> <span class='ocrx_word' id='word_1_87' title='bbox 583 2257 659 2320; x_wconf 88' lang='lat' dir='ltr'>dicit</span> <span class='ocrx_word' id='word_1_88' title='bbox 690 2258 828 2339; x_wconf 89' lang='lat' dir='ltr'>Erinyes</span> <span class='ocrx_word' id='word_1_89' title='bbox 851 2258 970 2320; x_wconf 90' lang='lat' dir='ltr'>domos</span> <span class='ocrx_word' id='word_1_90' title='bbox 995 2279 1060 2321; x_wconf 93' lang='lat' dir='ltr'>non</span> <span class='ocrx_word' id='word_1_91' title='bbox 1084 2258 1203 2321; x_wconf 86' lang='lat' dir='ltr'>intrare</span> <span class='ocrx_word' id='word_1_92' title='bbox 1226 2258 1252 2319; x_wconf 90' lang='lat' dir='ltr'>si</span> <span class='ocrx_word' id='word_1_93' title='bbox 1276 2257 1339 2319; x_wconf 91' lang='lat' dir='ltr'>diis</span> 
     </span>
     <span class='ocr_line' id='line_1_19' title="bbox 215 2370 716 2453; baseline 0 -19"><span class='ocrx_word' id='word_1_94' title='bbox 215 2393 305 2436; x_wconf 90' lang='lat' dir='ltr'>sacra</span> <span class='ocrx_word' id='word_1_95' title='bbox 330 2370 407 2434; x_wconf 88' lang='lat' dir='ltr'>fiant</span> <span class='ocrx_word' id='word_1_96' title='bbox 430 2371 471 2433; x_wconf 87' lang='lat' dir='ltr'>ab</span> <span class='ocrx_word' id='word_1_97' title='bbox 495 2370 684 2435; x_wconf 89' lang='lat' dir='ltr'>hominibus</span> <span class='ocrx_word' id='word_1_98' title='bbox 699 2395 716 2453; x_wconf 32' lang='grc' dir='ltr'>ι,</span> 
     </span>
     <span class='ocr_line' id='line_1_20' title="bbox 711 2482 976 2564; baseline 0.008 -20"><span class='ocrx_word' id='word_1_99' title='bbox 711 2482 899 2564; x_wconf 73' lang='grc' dir='ltr'>μελόιναιγι,1</span> <span class='ocrx_word' id='word_1_100' title='bbox 921 2484 976 2546; x_wconf 83' lang='grc' dir='ltr'>ουκ</span> 
     </span>
     <span class='ocr_line' id='line_1_21' title="bbox 442 2577 1077 2669; baseline 0 -23"><span class='ocrx_word' id='word_1_101' title='bbox 442 2577 498 2646; x_wconf 78' lang='grc' dir='ltr'><em>εἶσι</em></span> <span class='ocrx_word' id='word_1_102' title='bbox 524 2582 628 2665; x_wconf 87' lang='grc' dir='ltr'><em>δόμων</em></span> <span class='ocrx_word' id='word_1_103' title='bbox 653 2586 794 2666; x_wconf 64' lang='grc' dir='ltr'><em>Ἐρινύς,</em></span> <span class='ocrx_word' id='word_1_104' title='bbox 816 2588 896 2649; x_wconf 83' lang='grc' dir='ltr'><em>ὅταν</em></span> <span class='ocrx_word' id='word_1_105' title='bbox 922 2589 954 2648; x_wconf 92' lang='grc' dir='ltr'>ἐκ</span> <span class='ocrx_word' id='word_1_106' title='bbox 979 2589 1077 2669; x_wconf 82' lang='grc' dir='ltr'><em>χερῶν</em></span> 
     </span>
     <span class='ocr_line' id='line_1_22' title="bbox 442 2684 842 2769; baseline 0.005 -22"><span class='ocrx_word' id='word_1_107' title='bbox 442 2689 509 2748; x_wconf 87' lang='grc' dir='ltr'><em>θεοὶ</em></span> <span class='ocrx_word' id='word_1_108' title='bbox 533 2686 654 2748; x_wconf 85' lang='grc' dir='ltr'><em>θυσίαν</em></span> <span class='ocrx_word' id='word_1_109' title='bbox 679 2684 842 2769; x_wconf 78' lang='grc' dir='ltr'><em>δέχωνται.</em></span> 
     </span>
     <span class='ocr_line' id='line_1_23' title="bbox 261 2802 1338 2884; baseline -0.002 -20"><span class='ocrx_word' id='word_1_110' title='bbox 261 2803 379 2882; x_wconf 75' lang='lat' dir='ltr'>Agant.</span> <span class='ocrx_word' id='word_1_111' title='bbox 419 2813 550 2882; x_wconf 84' lang='grc'>55-59</span> <span class='ocrx_word' id='word_1_112' title='bbox 585 2802 726 2883; x_wconf 89' lang='lat' dir='ltr'>denique</span> <span class='ocrx_word' id='word_1_113' title='bbox 761 2811 817 2864; x_wconf 88' lang='lat' dir='ltr'>aut</span> <span class='ocrx_word' id='word_1_114' title='bbox 850 2802 976 2884; x_wconf 88' lang='lat' dir='ltr'>Apollo</span> <span class='ocrx_word' id='word_1_115' title='bbox 1007 2812 1063 2864; x_wconf 89' lang='lat' dir='ltr'>aut</span> <span class='ocrx_word' id='word_1_116' title='bbox 1088 2802 1154 2863; x_wconf 90' lang='lat' dir='ltr'>Pan</span> <span class='ocrx_word' id='word_1_117' title='bbox 1178 2811 1234 2863; x_wconf 89' lang='lat' dir='ltr'>aut</span> <span class='ocrx_word' id='word_1_118' title='bbox 1258 2802 1338 2870; x_wconf 70' lang='grc' dir='ltr'><em>Ζεός</em></span> 
     </span>
     <span class='ocr_line' id='line_1_24' title="bbox 217 2915 1237 2998; baseline 0 -19"><span class='ocrx_word' id='word_1_119' title='bbox 217 2918 334 2979; x_wconf 89' lang='lat' dir='ltr'>dicitur</span> <span class='ocrx_word' id='word_1_120' title='bbox 359 2915 484 2998; x_wconf 87' lang='lat' dir='ltr'>Erinyn</span> <span class='ocrx_word' id='word_1_121' title='bbox 509 2917 636 2978; x_wconf 87' lang='lat' dir='ltr'>mittere</span> <span class='ocrx_word' id='word_1_122' title='bbox 660 2915 708 2992; x_wconf 90' lang='lat' dir='ltr'>iis,</span> <span class='ocrx_word' id='word_1_123' title='bbox 732 2916 842 2997; x_wconf 90' lang='lat' dir='ltr'>quiin</span> <span class='ocrx_word' id='word_1_124' title='bbox 865 2917 981 2980; x_wconf 90' lang='lat' dir='ltr'>avibus</span> <span class='ocrx_word' id='word_1_125' title='bbox 1003 2923 1237 2998; x_wconf 85' lang='lat' dir='ltr'>peccaverunt:</span> 
     </span>
     <span class='ocr_line' id='line_1_25' title="bbox 464 3024 1053 3104; baseline 0 -14"><span class='ocrx_word' id='word_1_126' title='bbox 464 3028 589 3100; x_wconf 62' lang='grc' dir='ltr'><em>ὕπατος</em></span> <span class='ocrx_word' id='word_1_127' title='bbox 612 3026 640 3089; x_wconf 80' lang='grc' dir='ltr'>δ’</span> <span class='ocrx_word' id='word_1_128' title='bbox 664 3027 745 3089; x_wconf 69' lang='lat' dir='ltr'>otton</span> <span class='ocrx_word' id='word_1_129' title='bbox 770 3031 791 3104; x_wconf 83' lang='grc' dir='ltr'><em>ἤ</em></span> <span class='ocrx_word' id='word_1_130' title='bbox 813 3051 862 3102; x_wconf 77' lang='grc' dir='ltr'>τις</span> <span class='ocrx_word' id='word_1_131' title='bbox 884 3024 1053 3090; x_wconf 84' lang='grc' dir='ltr'><em>Ἀπόλλων</em></span> 
     </span>
     <span class='ocr_line' id='line_1_26' title="bbox 463 3145 947 3226; baseline -0.002 -21"><span class='ocrx_word' id='word_1_132' title='bbox 463 3150 482 3224; x_wconf 72' lang='grc' dir='ltr'><em>ἡ</em></span> <span class='ocrx_word' id='word_1_133' title='bbox 505 3145 583 3206; x_wconf 78' lang='grc' dir='ltr'>Πὰν</span> <span class='ocrx_word' id='word_1_134' title='bbox 609 3148 628 3223; x_wconf 76' lang='grc' dir='ltr'><em>ἠ</em></span> <span class='ocrx_word' id='word_1_135' title='bbox 650 3147 730 3216; x_wconf 56' lang='lat' dir='ltr'>zon</span> <span class='ocrx_word' id='word_1_136' title='bbox 753 3147 947 3226; x_wconf 70' lang='grc' dir='ltr'><em>οἰωνόθροον</em></span> 
     </span>
     <span class='ocr_line' id='line_1_27' title="bbox 463 3257 700 3343; baseline 0 -24"><span class='ocrx_word' id='word_1_137' title='bbox 463 3261 537 3336; x_wconf 93' lang='grc' dir='ltr'><em>γόον</em></span> <span class='ocrx_word' id='word_1_138' title='bbox 563 3257 700 3343; x_wconf 76' lang='grc' dir='ltr'><em>ὀξυβόαν</em></span> 
     </span>
     <span class='ocr_line' id='line_1_28' title="bbox 464 3370 995 3455; baseline 0 -21"><span class='ocrx_word' id='word_1_139' title='bbox 464 3370 565 3434; x_wconf 82' lang='grc' dir='ltr'><em>τῶνδε</em></span> <span class='ocrx_word' id='word_1_140' title='bbox 589 3372 745 3454; x_wconf 85' lang='grc' dir='ltr'><em>μετοίκιον</em></span> <span class='ocrx_word' id='word_1_141' title='bbox 769 3374 995 3455; x_wconf 65' lang='grc' dir='ltr'><em>’ὑστερόποινον</em></span> 
     </span>
     <span class='ocr_line' id='line_1_29' title="bbox 465 3486 963 3573; baseline 0 -25"><span class='ocrx_word' id='word_1_142' title='bbox 465 3486 581 3566; x_wconf 78' lang='grc' dir='ltr'><em>πέμπει</em></span> <span class='ocrx_word' id='word_1_143' title='bbox 607 3490 792 3573; x_wconf 79' lang='grc' dir='ltr'><em>παραβᾶσιν</em></span> <span class='ocrx_word' id='word_1_144' title='bbox 819 3488 963 3569; x_wconf 74' lang='grc' dir='ltr'><em>Ἐριυολυ,</em></span> 
     </span>
     <span class='ocr_line' id='line_1_30' title="bbox 222 3597 1341 3686; baseline -0.001 -24"><span class='ocrx_word' id='word_1_145' title='bbox 222 3609 254 3662; x_wconf 88' lang='lat' dir='ltr'>et</span> <span class='ocrx_word' id='word_1_146' title='bbox 289 3602 360 3682; x_wconf 88' lang='lat' dir='ltr'>ipse</span> <span class='ocrx_word' id='word_1_147' title='bbox 394 3600 520 3683; x_wconf 90' lang='lat' dir='ltr'>Apollo</span> <span class='ocrx_word' id='word_1_148' title='bbox 555 3600 689 3685; x_wconf 76' lang='lat' dir='ltr'>Choe&#39;plz.</span> <span class='ocrx_word' id='word_1_149' title='bbox 719 3618 780 3683; x_wconf 82' lang='lat'>275</span> <span class='ocrx_word' id='word_1_150' title='bbox 819 3601 955 3665; x_wconf 84' lang='lat' dir='ltr'>Orestae</span> <span class='ocrx_word' id='word_1_151' title='bbox 979 3597 1158 3686; x_wconf 48' lang='grc' dir='ltr'><em>προσβολὴ·</em></span> <span class='ocrx_word' id='word_1_152' title='bbox 1183 3600 1341 3680; x_wconf 63' lang='grc' dir='ltr'><em>Ἐρινύων</em></span> 
     </span>
     <span class='ocr_line' id='line_1_31' title="bbox 221 3713 1343 3797; baseline 0.003 -24"><span class='ocrx_word' id='word_1_153' title='bbox 221 3713 372 3786; x_wconf 87' lang='lat' dir='ltr'>minatur,</span> <span class='ocrx_word' id='word_1_154' title='bbox 414 3714 473 3776; x_wconf 90' lang='lat' dir='ltr'>nisi</span> <span class='ocrx_word' id='word_1_155' title='bbox 507 3723 633 3796; x_wconf 87' lang='lat' dir='ltr'>patrem</span> <span class='ocrx_word' id='word_1_156' title='bbox 670 3715 851 3778; x_wconf 88' lang='lat' dir='ltr'>ulciscatur.</span> <span class='ocrx_word' id='word_1_157' title='bbox 888 3714 916 3797; x_wconf 84' lang='lat'>1)</span> <span class='ocrx_word' id='word_1_158' title='bbox 963 3714 1057 3795; x_wconf 85' lang='lat' dir='ltr'>Quae</span> <span class='ocrx_word' id='word_1_159' title='bbox 1093 3713 1203 3775; x_wconf 89' lang='lat' dir='ltr'>omnia</span> <span class='ocrx_word' id='word_1_160' title='bbox 1237 3714 1343 3777; x_wconf 90' lang='lat' dir='ltr'>verbis</span> 
     </span>
     <span class='ocr_line' id='line_1_32' title="bbox 222 3818 1344 3910; baseline 0.004 -24"><span class='ocrx_word' id='word_1_161' title='bbox 222 3825 417 3902; x_wconf 88' lang='lat' dir='ltr'>Promethei,</span> <span class='ocrx_word' id='word_1_162' title='bbox 453 3826 479 3887; x_wconf 93' lang='lat' dir='ltr'>si</span> <span class='ocrx_word' id='word_1_163' title='bbox 514 3825 596 3890; x_wconf 86' lang='lat' dir='ltr'>haec</span> <span class='ocrx_word' id='word_1_164' title='bbox 627 3826 819 3908; x_wconf 87' lang='lat' dir='ltr'>significant,</span> <span class='ocrx_word' id='word_1_165' title='bbox 844 3827 934 3909; x_wconf 91' lang='lat' dir='ltr'>quod</span> <span class='ocrx_word' id='word_1_166' title='bbox 956 3828 1062 3910; x_wconf 90' lang='lat' dir='ltr'>primo</span> <span class='ocrx_word' id='word_1_167' title='bbox 1081 3818 1203 3889; x_wconf 37' lang='lat' dir='ltr'>⁴obtutu</span> <span class='ocrx_word' id='word_1_168' title='bbox 1227 3827 1344 3910; x_wconf 84' lang='lat' dir='ltr'>signifi·</span> 
     </span>
     <span class='ocr_line' id='line_1_33' title="bbox 222 3939 697 4023; baseline 0.002 -21"><span class='ocrx_word' id='word_1_169' title='bbox 222 3961 295 4003; x_wconf 87' lang='lat' dir='ltr'>care</span> <span class='ocrx_word' id='word_1_170' title='bbox 319 3939 480 4017; x_wconf 89' lang='lat' dir='ltr'>videntur,</span> <span class='ocrx_word' id='word_1_171' title='bbox 505 3951 697 4023; x_wconf 83' lang='lat' dir='ltr'>repugnant.</span> 
     </span>
     <span class='ocr_line' id='line_1_34' title="bbox 266 4053 1343 4140; baseline 0.003 -24"><span class='ocrx_word' id='word_1_172' title='bbox 266 4053 372 4134; x_wconf 89' lang='lat' dir='ltr'>Supra</span> <span class='ocrx_word' id='word_1_173' title='bbox 407 4060 517 4115; x_wconf 88' lang='lat' dir='ltr'>autem</span> <span class='ocrx_word' id='word_1_174' title='bbox 553 4055 615 4115; x_wconf 86' lang='lat' dir='ltr'>iarn</span> <span class='ocrx_word' id='word_1_175' title='bbox 640 4057 789 4137; x_wconf 89' lang='lat' dir='ltr'>apparuit</span> <span class='ocrx_word' id='word_1_176' title='bbox 813 4055 952 4138; x_wconf 90' lang='lat' dir='ltr'>Erinyes</span> <span class='ocrx_word' id='word_1_177' title='bbox 975 4076 1074 4117; x_wconf 91' lang='lat' dir='ltr'>suum</span> <span class='ocrx_word' id='word_1_178' title='bbox 1099 4077 1230 4135; x_wconf 88' lang='lat' dir='ltr'>munus,</span> <span class='ocrx_word' id='word_1_179' title='bbox 1254 4058 1343 4140; x_wconf 90' lang='lat' dir='ltr'>quod</span> 
     </span>
     <span class='ocr_line' id='line_1_35' title="bbox 221 4166 1343 4249; baseline 0.003 -19"><span class='ocrx_word' id='word_1_180' title='bbox 221 4168 297 4231; x_wconf 89' lang='lat' dir='ltr'>inde</span> <span class='ocrx_word' id='word_1_181' title='bbox 320 4189 339 4230; x_wconf 90' lang='lat' dir='ltr'>a</span> <span class='ocrx_word' id='word_1_182' title='bbox 361 4168 468 4249; x_wconf 92' lang='lat' dir='ltr'>primo</span> <span class='ocrx_word' id='word_1_183' title='bbox 492 4176 565 4229; x_wconf 89' lang='lat' dir='ltr'>ortu</span> <span class='ocrx_word' id='word_1_184' title='bbox 589 4166 784 4246; x_wconf 87' lang='lat' dir='ltr'>habuerunt,</span> <span class='ocrx_word' id='word_1_185' title='bbox 808 4190 874 4232; x_wconf 91' lang='lat' dir='ltr'>non</span> <span class='ocrx_word' id='word_1_186' title='bbox 898 4170 930 4231; x_wconf 92' lang='lat' dir='ltr'>in</span> <span class='ocrx_word' id='word_1_187' title='bbox 954 4170 1034 4233; x_wconf 90' lang='lat' dir='ltr'>deos</span> <span class='ocrx_word' id='word_1_188' title='bbox 1058 4171 1117 4234; x_wconf 92' lang='lat' dir='ltr'>sed</span> <span class='ocrx_word' id='word_1_189' title='bbox 1140 4171 1173 4234; x_wconf 92' lang='lat' dir='ltr'>in</span> <span class='ocrx_word' id='word_1_190' title='bbox 1196 4169 1343 4234; x_wconf 88' lang='lat' dir='ltr'>homines</span> 
     </span>
    </p>
   </div>
   <div class='ocr_carea' id='block_1_6' title="bbox 221 4318 417 4326">
    <p class='ocr_par' dir='ltr' id='par_1_8' title="bbox 221 4318 417 4326">
     <span class='ocr_line' id='line_1_36' title="bbox 221 4318 417 4326; baseline -0.01 0"><span class='ocrx_word' id='word_1_191' title='bbox 221 4318 417 4326; x_wconf 66' lang='lat'>.—.--—--.-</span> 
     </span>
    </p>
   </div>
   <div class='ocr_carea' id='block_1_7' title="bbox 258 4379 1138 4448">
    <p class='ocr_par' dir='ltr' id='par_1_9' title="bbox 258 4379 1138 4448">
     <span class='ocr_line' id='line_1_37' title="bbox 258 4379 1138 4448; baseline 0.002 -19"><span class='ocrx_word' id='word_1_192' title='bbox 258 4381 280 4445; x_wconf 88' lang='lat'>1)</span> <span class='ocrx_word' id='word_1_193' title='bbox 301 4397 324 4429; x_wconf 88' lang='lat' dir='ltr'>v.</span> <span class='ocrx_word' id='word_1_194' title='bbox 342 4379 404 4444; x_wconf 82' lang='lat'><strong>265:</strong></span> <span class='ocrx_word' id='word_1_195' title='bbox 424 4383 446 4429; x_wconf 81' lang='grc' dir='ltr'>εἰ</span> <span class='ocrx_word' id='word_1_196' title='bbox 462 4384 500 4445; x_wconf 80' lang='grc' dir='ltr'>μὴ</span> <span class='ocrx_word' id='word_1_197' title='bbox 517 4380 624 4441; x_wconf 71' lang='grc' dir='ltr'><em>μέτειμι</em></span> <span class='ocrx_word' id='word_1_198' title='bbox 641 4384 688 4430; x_wconf 82' lang='grc' dir='ltr'>τοῦ</span> <span class='ocrx_word' id='word_1_199' title='bbox 706 4382 809 4448; x_wconf 80' lang='grc' dir='ltr'><em>πατρὸς</em></span> <span class='ocrx_word' id='word_1_200' title='bbox 825 4383 887 4438; x_wconf 81' lang='grc' dir='ltr'><em>τοὺς</em></span> <span class='ocrx_word' id='word_1_201' title='bbox 904 4382 1015 4438; x_wconf 70' lang='grc' dir='ltr'><em>αἰτίους.</em></span> <span class='ocrx_word' id='word_1_202' title='bbox 1081 4394 1085 4402; x_wconf 92' lang='grc'><em>“</em></span> <span class='ocrx_word' id='word_1_203' title='bbox 1134 4421 1138 4431; x_wconf 92' lang='grc'><strong><em>.</em></strong></span> 
     </span>
    </p>
   </div>
   <div class='ocr_carea' id='block_1_8' title="bbox 0 0 1573 4822">
    <p class='ocr_par' dir='ltr' id='par_1_10' title="bbox 0 0 1573 4822">
     <span class='ocr_line' id='line_1_38' title="bbox 0 0 1573 4822; baseline 0 0"><span class='ocrx_word' id='word_1_204' title='bbox 0 0 1573 4822; x_wconf 95' lang='lat' dir='ltr'> </span> 
     </span>
    </p>
   </div>
  </div>
 </body>
</html>
