3106 4822
786 224 829 308 48

287 415 395 481 Aliter
429 415 611 493 Wecklein,
648 416 703 498 qui
734 415 829 478 adv.
857 429 917 495 305
944 423 1100 479 annotat:
1127 415 1234 490 „Zeus
1257 416 1367 498 bringt

242 531 300 593 das
331 532 435 612 ewige
460 530 587 607 Gesetz,
619 528 760 592 welches
783 529 837 591 die
861 529 976 591 Moren
1001 537 1173 606 vertreten,
1196 551 1254 595 zur
1277 531 1366 594 Aus-

242 642 418 725 stihrung”.
442 644 633 709 Secundum
657 641 955 724 Naegelsbachium
979 643 1077 724 igitur
1100 646 1226 724 Μοῖραι
1244 646 1367 710 iaciunt

241 758 374 840 (quippe
409 779 492 841 quae
528 759 592 820 sint
621 756 708 820 Iovis
738 758 960 832 instrumenta,
984 757 1058 826 vide
1082 759 1191 841 supra)
1217 759 1249 821 id
1275 761 1364 842 quod

241 870 411 934 Wecklein
459 870 530 934 Iovi
572 870 726 938 attribuit.
773 869 811 937 In
848 868 910 932 hac
945 890 979 932 re
1014 878 1123 934 tamen
1158 875 1366 936 consentiunt

241 984 332 1066 quod
368 991 504 1065 uterque
538 1003 653 1045 eorum
684 980 754 1045 Iovi
785 1002 948 1044 summam
980 990 1176 1064 potestatem
1200 984 1364 1063 adscribit,

241 1099 370 1177 Μοῖρις
401 1104 512 1160 autem
543 1096 571 1158 ei
604 1097 758 1178 supponit
781 1095 849 1178 (cfr.
873 1095 953 1159 haec
977 1094 1077 1161 verba
1096 1096 1365 1178 Naegelsbachii:

247 1211 434 1290 Werkzeuge
468 1209 522 1273 des
552 1209 634 1273 Zeus
657 1231 733 1272 cum
755 1210 802 1287 iis,
838 1230 923 1291 quae
946 1211 1113 1274 annotavit
1136 1211 1308 1277 Wecklein
1331 1235 1363 1297 p.

245 1327 303 1406 183
328 1326 369 1388 ad
394 1346 424 1388 v.
451 1337 534 1404 305:
557 1322 657 1386 durch
679 1322 729 1385 dri
751 1324 897 1402 Frigung
916 1344 976 1386 νννι
1000 1323 1105 1407 Zeus).

286 1440 363 1504 Sive
398 1438 497 1520 igitur
528 1457 604 1499 curn
629 1435 891 1518 Naegelsbachio
915 1436 1053 1500 chorum
1077 1437 1206 1518 Μοίρας
1228 1439 1365 1503 facimus

241 1574 334 1621 orare
369 1560 405 1614 ut
433 1550 512 1614 Iove
535 1559 668 1613 auctore
693 1570 761 1612 rem
784 1549 960 1631 perficiant,
985 1552 1052 1614 sive
1077 1573 1153 1614 cum
1178 1551 1363 1632 Wecklino,

241 1676 276 1730 ut
310 1667 351 1730 ab
384 1667 464 1730 Iove
488 1687 538 1735 res
561 1664 756 1748 perficiatur,
781 1674 920 1748 utroque
944 1666 1044 1729 modo
1068 1687 1087 1728 a
1112 1668 1219 1729 Parcis
1242 1667 1363 1750 aliquid

239 1782 369 1863 petitur,
399 1780 489 1863 quod
513 1781 545 1842 in
568 1778 658 1841 Iovis
680 1787 842 1861 potestate
865 1780 1009 1861 positum
1033 1789 1091 1855 est,
1115 1782 1147 1843 id
1172 1781 1261 1864 quod
1284 1802 1360 1864 pro-

239 1897 317 1959 bare
340 1896 430 1959 nullo
454 1896 555 1958 modo
577 1914 724 1977 possum.

284 2011 351 2073 Res
384 2018 494 2073 tamen
528 2008 624 2091 plane
647 2009 709 2071 alia
732 2007 776 2086 fit,
800 2009 827 2070 si
853 2008 974 2068 Διόθεν
1001 2027 1076 2069 curn
1100 2028 1181 2071 voce
1205 2029 1289 2090 quae
1313 2017 1362 2071 est

239 2126 362 2204 Μοῖραι
386 2123 626 2204 coniungimus,
652 2129 815 2184 commate
836 2130 912 2204 post
925 2122 1046 2181 Διόθεν
1065 2122 1186 2202 posito.
1211 2122 1361 2185 Dubitari

239 2237 372 2321 quidem
394 2227 508 2318 possit,
533 2255 613 2298 nurn
636 2237 762 2315 Μοῖραι
787 2235 851 2318 (vel
874 2236 984 2317 potius
1007 2235 1124 2319 μοῖραι)
1151 2237 1272 2297 Διόθεν
1298 2237 1360 2299 dici

237 2351 340 2414 liceat.
387 2350 551 2433 Equidem
585 2348 746 2412 affirmare
779 2370 845 2410 non
869 2349 995 2425 dubito,
1019 2370 1096 2413 nam
1118 2356 1216 2432 poeta
1240 2350 1360 2413 iterum

237 2486 276 2529 ac
309 2464 436 2546 saepius
459 2464 549 2547 (noto
574 2461 775 2526 Graecorum
800 2462 875 2546 usu)
899 2471 931 2526 et
955 2463 1076 2524 Διόθεν
1101 2471 1133 2526 et
1156 2464 1236 2527 alias
1260 2485 1361 2528 voces

238 2580 270 2641 in
295 2583 374 2640 -θιν
398 2577 576 2641 desinentis
600 2597 676 2640 cum
700 2576 886 2640 nominibus
912 2577 957 2659 (et
979 2577 1144 2640 adiectivis
1168 2586 1200 2641 et
1212 2578 1361 2642 substan·

237 2693 321 2776 tivis)
355 2693 536 2773 coniungit,
571 2693 614 2755 ita
651 2700 771 2768 tamen,
807 2700 842 2755 ut
872 2691 1010 2755 verbum
1041 2690 1175 2774 aliquod
1198 2691 1297 2754 simul
1321 2692 1362 2755 sit
1420 2738 1421 2742 ,

238 2809 447 2872 audiendum.
481 2807 536 2872 Sic
561 2808 682 2868 Διόθεν
706 2807 747 2870 ad
771 2807 1022 2883 substantivum,
1048 2807 1138 2889 quod
1162 2808 1360 2887 ostracitae,

237 2923 368 2989 additur
393 2921 504 3004 Suppl.
527 2939 608 3000 420:

481 3031 558 3096 τάδε
582 3037 700 3115 φράσαι
725 3032 834 3096 δίκαια
859 3036 980 3095 Διόθεν
1005 3037 1115 3116 κράτη.

282 3147 368 3213 Cum
391 3149 558 3213 adiectivis
582 3149 794 3230 coniungitur
816 3148 936 3229 Agam.
960 3165 1115 3228 42-44:

236 3313 321 3361 locum
346 3312 520 3377 interpretatur
545 3309 638 3377 (Ueber
665 3310 707 3358 die
731 3310 793 3359 Idee
809 3310 854 3359 des
873 3310 1015 3360 Schicksals
1033 3311 1061 3358 in
1075 3309 1124 3358 den
1142 3307 1300 3373 Tragoedien
1316 3307 1361 3358 des
1407 3327 1410 3330 ’

237 3405 384 3469 Aeschylos,
407 3421 432 3469 p.
459 3403 514 3468 57):
542 3403 607 3467 „Die
635 3402 735 3451 Moiren
760 3403 812 3452 und
837 3405 901 3453 Zeus
927 3403 985 3452 sind
1009 3403 1046 3453 als
1062 3402 1103 3451 die
1120 3401 1241 3451 hiichsten
1259 3401 1361 3449 Mttchte

236 3497 389 3563 dargestellt.
422 3497 480 3546 Von
504 3495 580 3545 ihnen
602 3502 722 3544 erwarten
753 3496 943 3560 Agamemnons
970 3494 1069 3544 Kinder
1095 3492 1214 3543 Beistand
1238 3492 1263 3540 in
1280 3492 1360 3541 ihrem

237 3590 424 3640 Unternehmen
445 3603 527 3653 gegen
544 3588 612 3636 seine
630 3586 734 3636 Feinde.
752 3586 810 3635 Von
827 3587 885 3636 dem
904 3587 972 3636 Chor
990 3586 1090 3636 werden
1107 3585 1148 3634 die
1165 3585 1265 3633 Moiren
1282 3600 1359 3648 ange-

236 3682 315 3742 rusen,
333 3680 433 3730 Orestes
450 3679 477 3728 in
494 3680 575 3728 seiner
592 3678 792 3728 Gottbefohlnen
810 3679 897 3728 Rache
914 3678 1072 3729 beizustehen
1089 3677 1148 3743 (303
1168 3676 1208 3739 f.):

536 3771 653 3819 Erhabne
671 3770 771 3819 Moiren
780 3770 880 3836 falleret
894 3787 918 3819 es
935 3787 982 3820 aus

535 3864 601 3912 nach
616 3863 674 3912 dem
691 3862 785 3912 Willen
801 3863 845 3912 des
863 3861 952 3912 Zeus¹⁰

534 3954 579 4004 auf
592 3955 650 4005 dem
667 3954 745 4004 Psade
761 3954 805 4004 des
822 3954 924 4005 Rechts.

269 4046 302 4094 Et
318 4047 350 4095 ad
367 4045 453 4096 Zeus¹⁰
470 4051 586 4095 annotat:
605 4045 729 4106 ,,Διόθιν
748 4045 846 4095 scheint
862 4045 917 4094 hier
936 4044 1004 4093 nicht
1021 4059 1052 4092 zu
1067 4042 1208 4092 bedeuten:
1227 4040 1271 4090 auf
1285 4040 1357 4100 Zeus’

236 4138 332 4197 Belehl,
364 4154 415 4188 was
432 4139 490 4187 dem
508 4139 598 4187 Wesen
616 4139 660 4187 der
679 4138 779 4188 Moiren
797 4137 997 4202 widersprechen
1016 4135 1110 4195 warde,
1128 4134 1237 4183 sondern
1254 4149 1314 4182 nur:
1331 4133 1358 4181 in

235 4230 496 4296 Uebereinstimmung
521 4230 567 4279 mit
594 4231 689 4280 seinem
707 4229 827 4279 Willen'’.
863 4229 970 4278 Διόθεν
987 4227 1063 4294 igitur
1080 4227 1148 4276 idem
1165 4225 1255 4290 valeat,
1273 4224 1358 4290 credo,

235 4321 303 4385 quod
319 4321 347 4370 in
369 4320 632 4386 Uebereinstimmung
648 4321 695 4371 mit
711 4318 782 4370 Zeus'
806 4319 919 4370 Willenl
