3106 4822
749 278 791 340 86

209 476 318 529 autem
343 464 449 527 modas
472 463 632 547 Spinozae
657 463 735 525 nihil
749 463 1033 528 habereveritatis.
1053 466 1081 548 ι)
1106 466 1185 547 Quo
1198 468 1334 539 accedit,

210 580 300 662 quod
333 577 535 659 pantheistae
569 578 651 639 deus
682 597 746 639 non
772 586 821 639 est
844 599 972 641 summa
996 600 1120 656 earum,
1145 581 1333 661 exquibus

214 693 405 752 universum
442 698 579 762 constat,
614 690 754 770 partium
793 690 880 772 (θεὸ,ὶ
912 711 977 752 non
1008 702 1057 755 est
1088 693 1130 753 τὰ
1154 695 1276 768 πάντα,
1301 701 1336 754 ut

214 807 246 867 in
271 805 457 886 fragmento
482 803 555 887 est),
580 803 638 865 sed
663 802 699 862 τό
724 810 799 879 πὰν,
825 804 845 867 i.
870 824 898 866 e.
924 825 988 867 una
1011 806 1132 868 infinita
1144 806 1336 880 substantia,

212 939 297 1001 quae
332 938 438 999 neque
474 918 506 979 in
540 926 649 998 partes
685 917 791 979 divisa
825 927 874 981 est
906 939 1013 1000 neque
1036 919 1134 982 dividi
1159 929 1277 1001 potest.
1304 919 1337 998 2)

196 1026 346 1096 ¹Omissa
369 1034 469 1114 igitur
491 1052 582 1107 voce,
607 1051 691 1113 quae
715 1040 763 1093 est
786 1029 968 1113 ὑπέρτερον,
989 1033 1112 1115 reliqua
1126 1034 1225 1096 verba
1237 1034 1336 1095 deum

201 1166 284 1212 ‘esse
306 1139 463 1229 negarent
486 1167 593 1228 neque
616 1147 703 1209 aliud
728 1147 946 1228 significarent
970 1148 1030 1209 nisi
1054 1147 1133 1210 hoc:
1167 1148 1248 1210 deus
1272 1168 1338 1211 non

213 1270 331 1337 exstat,
356 1269 488 1322 exstant
510 1268 637 1322 tantum
658 1259 781 1334 aether,
802 1269 898 1333 terra,
911 1260 1049 1336 caelum,
1063 1252 1174 1324 omnia
1187 1262 1338 1344 denique,

214 1396 299 1458 quae
311 1373 415 1436 oculis
428 1374 514 1435 cerni
527 1382 674 1454 possunt.
695 1372 795 1453 Quod
810 1376 919 1436 nonin
933 1374 1177 1457 pantheismum
1191 1375 1339 1457 quadrat,

217 1489 274 1551 sed
297 1488 329 1549 in
355 1486 632 1548 materialismum.

261 1603 332 1665 Iam
369 1602 468 1682 igitur
502 1601 664 1682 apparuit,
701 1601 727 1662 si
764 1601 842 1682 quid
878 1603 909 1663 in
946 1602 1001 1664 illo
1036 1604 1222 1684 fragmento
1245 1596 1338 1679 inest,
1377 1657 1379 1661 ,

207 1715 309 1800 ‘quod
344 1716 386 1778 ad
420 1714 663 1796 pantheismum
698 1712 875 1796 pertinere
893 1715 1051 1792 videatur,
1083 1715 1146 1778 hoc
1171 1717 1280 1798 ipsum
1305 1715 1341 1775 τὸ
1390 1718 1396 1727 '

218 1828 387 1912 ὑπέρτερον
411 1849 496 1891 esse.
520 1832 551 1912 3}
577 1828 641 1892 Sed
666 1829 825 1910 quoniam
849 1827 913 1891 hoc
938 1826 1107 1910 ὑπέρτερον
1131 1831 1228 1892 etiam
1253 1828 1341 1892 aliud

220 1944 298 2026 quid
332 1943 518 2026 significare
552 1943 666 2024 possit,
709 1942 859 2024 pluribus
894 1943 1088 2005 testimoniis
1129 1943 1224 2005 nobis
1259 1962 1343 2024 opus

218 2066 314 2132 esset,
350 2066 385 2120 ut
416 2065 632 2119 statueremus
663 2054 868 2138 Aeschylum
893 2056 1141 2138 quodammodo
1166 2078 1241 2119 cum
1264 2076 1343 2138 pan-

218 2172 355 2247 theistis,
392 2191 475 2252 quos
510 2179 639 2245 vocant,
684 2171 812 2257 sentire.
872 2169 959 2246 Quae
994 2164 1100 2232 tamen
1135 2170 1224 2232 nulla
1258 2168 1349 2250 apud

219 2284 409 2364 Aeschylum
421 2283 628 2360 inveniuntur,
641 2283 709 2346 alia
720 2293 837 2359 conten,
851 2304 923 2345 eum
931 2284 992 2346 leae
1002 2283 1141 2347 doctrina
1147 2283 1346 2364 pugnantia,

220 2397 321 2462 multa
344 2397 432 2481 (vide
456 2398 562 2480 infra).
594 2397 684 2478 Quid
709 2398 807 2478 igitur
830 2396 893 2461 hoc
916 2398 1137 2480 fragmentum
1161 2398 1221 2460 sibi
1244 2396 1346 2461 velit?

221 2514 293 2576 Nos
317 2513 489 2594 opinamur
512 2510 718 2593 Aeschylum
741 2514 915 2594 praecipue
939 2512 989 2575 his
1014 2513 1120 2576 verbis
1144 2533 1241 2575 usum
1262 2533 1345 2587 esse,

222 2627 343 2712 quibus
379 2625 636 2710 polytheismum
672 2625 844 2690 refelleret.
868 2626 901 2707 4)
948 2625 983 2688 Si
1007 2629 1093 2690 enim
1117 2627 1170 2689 alii
1195 2626 1347 2690 dicebant

222 2743 292 2821 Γῆν
326 2742 422 2804 deam
454 2761 528 2804 esse
554 2751 587 2804 et
613 2735 889 2821 Oinandudeum,
914 2740 1102 2822 Aeschylus
1127 2740 1348 2804 contradixit

223 2857 294 2934 Γῆν
328 2864 360 2918 et
398 2852 538 2936 Οὐρανὸν
573 2863 606 2918 et
641 2855 761 2931 omnia,
798 2875 882 2936 quae
917 2864 1084 2919 exstarent
1115 2876 1187 2918 esse
1220 2856 1346 2928 lovem,

224 2989 331 3051 neque
365 2969 464 3052 igitur
497 2969 598 3031 alium
631 2969 731 3032 deum
755 2977 883 3050 praeter
902 2970 1014 3032 Iovem
1038 2989 1112 3032 esse
1135 2969 1347 3032 credendum.

225 3083 332 3146 Possis
368 3101 484 3162 urgere
520 3080 728 3163 Aeschylum
762 3082 804 3144 de
839 3083 947 3158 rebus,
983 3083 1024 3145 de
1048 3084 1192 3160 materia,
1217 3103 1282 3144 non
1307 3082 1348 3144 de

247 3256 284 3317 ¹1)
308 3257 371 3305 Sunt
394 3255 461 3303 enim
484 3254 629 3304 affectiones
652 3254 804 3303 substantiae
822 3254 917 3321 (Ethic.
936 3254 995 3303 Pars
1013 3255 1035 3320 Ι,
1052 3253 1127 3304 defin.
1145 3255 1188 3320 V).
1206 3254 1256 3305 cfr.
1274 3254 1349 3304 etiam

226 3345 329 3412 Propos
357 3347 414 3407 XV,
440 3346 536 3395 Schol:
572 3345 651 3406 „Sunt
677 3347 718 3410 qui
746 3347 829 3395 Deum
855 3347 932 3395 instar
957 3346 1067 3395 hominis
1094 3362 1197 3410 corpore
1220 3353 1244 3395 et
1267 3353 1351 3396 mente

226 3443 380 3488 constantem
406 3443 480 3500 atque
497 3437 655 3500 passionibus
672 3438 809 3486 obnoxium
827 3438 932 3502 fingunt.
968 3438 1017 3486 Sed
1035 3454 1109 3502 qnam
1126 3437 1202 3503 longe
1219 3437 1247 3486 hi
1265 3454 1280 3486 a
1297 3437 1351 3486 veri

231 3529 277 3578 Dei
302 3526 446 3592 cognitione
469 3527 591 3586 aberrent,
614 3528 672 3577 satis
695 3545 726 3578 ex
745 3529 794 3578 iam
812 3530 986 3579 demonstratis
1005 3536 1111 3578 constat.
1136 3528 1186 3577 Sed
1206 3529 1253 3576 hos
1270 3528 1351 3576 mitto.

227 3621 295 3669 Nam
311 3633 406 3676 omnes,
424 3617 467 3682 qui
484 3624 597 3668 naturam
615 3619 728 3669 divinam
746 3621 832 3685 aliquo
850 3622 927 3670 modo
946 3622 1108 3687 contemplati
1126 3628 1190 3680 sunt,
1208 3622 1294 3669 Deum
1304 3637 1353 3669 esse

227 3717 375 3774 corporeum
392 3717 503 3773 negant:
520 3710 678 3774 quodetiam
697 3711 788 3783 optime
800 3713 914 3776 probant
930 3729 961 3759 ex
979 3729 1013 3771 ea,
1029 3713 1098 3776 quod
1107 3721 1157 3776 per
1174 3720 1266 3776 carpus
1283 3713 1353 3761 iutel-

176 3800 180 3805 ’
228 3799 333 3864 ligimus
348 3816 532 3864 quamcumque
548 3803 725 3866 quantitatem,
743 3802 851 3866 longam,
870 3803 949 3850 latam
967 3812 991 3851 et
1001 3805 1173 3869 profundam,
1188 3812 1253 3852 certa
1265 3803 1352 3868 aliqua

221 3894 318 3956 figura
336 3891 509 3950 terminatam,
525 3909 575 3956 quo
591 3892 662 3941 nitil
676 3895 812 3942 absurdius
828 3893 857 3941 de
874 3894 937 3952 Deo,
955 3903 1009 3943 ente
1026 3895 1116 3945 seilicet
1126 3873 1233 3943 absolute
1243 3894 1353 3957 infinito,

231 3983 280 4031 τῖεν·
296 3981 402 4046 potese.‘’

266 4075 290 4141 2)
307 4075 389 4124 Ethic.
407 4075 467 4123 Pars
485 4075 506 4133 I,
524 4090 627 4140 propos.
644 4076 712 4124 XIII
730 4083 755 4125 et
772 4075 843 4140 XIV,
861 4076 949 4127 coroll.
967 4078 990 4125 I.

267 4164 292 4231 3)
309 4166 393 4214 Etiam
411 4166 432 4213 si
450 4182 506 4214 cum
525 4166 681 4231 Pythagorae
698 4167 797 4232 placitis
813 4168 863 4216 hoc
881 4167 1045 4218 conseramus,

265 4257 292 4323 4)
310 4259 340 4306 In
361 4258 408 4305 hac
431 4257 506 4321 igitur
529 4274 555 4306 re
577 4258 609 4306 ab
633 4259 818 4325 Naegelsbachi
836 4260 957 4325 opinione
977 4260 1045 4325 (vide
1063 4277 1088 4324 p.
1106 4261 1136 4326 85
1156 4267 1240 4309 annot.
1259 4260 1281 4324 I)
1299 4277 1355 4310 mea

233 4347 301 4399 haud
319 4349 449 4412 discrepat.
