3106 4822
753 304 797 365 90

210 452 406 557 deposuisse
441 474 614 555 aliamque,
650 474 734 536 tauri
766 474 845 550 scil,
878 474 938 535 sibi
963 475 1185 555 assumpsisse.
1224 473 1335 555 Suppl.

212 588 391 668 288—289
415 589 499 649 enim
525 587 660 669 legitur:

345 700 425 761 BA.
463 701 575 764 οὐκοῦν
601 698 728 773 πελάζει
752 701 832 773 Ζιύς
857 697 907 760 ἐπ’
932 698 1080 782 (εὐκραίρῳ
1104 700 1173 783 βοί’·;

353 817 423 875 ΧΟ.
459 814 567 891 φασίν,
593 812 753 896 πρέποντα
777 816 923 898 βουθόρῳ
948 819 1053 896 ταιῖρῳ
1077 811 1181 894 δέμας.

206 931 208 936 ’
256 928 327 989 Iam
362 928 447 990 dicat
480 928 615 990 fortasse
650 927 769 1010 aliquis
804 929 916 991 lovem
952 949 1017 990 non
1052 948 1169 990 verum
1203 936 1334 992 taurum

211 1041 330 1104 sactum
355 1041 465 1117 luisse,
490 1042 546 1104 sed
571 1043 713 1123 speciem
738 1049 866 1104 tantum
890 1043 974 1120 tauri
998 1041 1201 1123 praebuisse.
1233 1042 1335 1124 Quod

210 1164 320 1218 tamen
355 1157 386 1217 in
423 1175 533 1218 meum
570 1163 662 1217 verto
698 1155 924 1232 commodum,
954 1177 1030 1218 nam
1054 1159 1080 1218 si
1104 1159 1184 1229 Ζεύς
1206 1165 1334 1220 tanturn

210 1263 348 1333 sormam
383 1272 465 1333 tauri
497 1269 602 1332 induit
626 1290 732 1351 neque
756 1270 788 1331 in
813 1290 927 1332 verum
952 1278 1082 1334 taurum
1107 1270 1196 1347 abiit,
1222 1271 1334 1353 quidni

211 1387 289 1447 item
325 1384 498 1446 credamus
533 1384 647 1445 Iouem
676 1384 824 1465 aliosque
848 1385 929 1447 deos
954 1386 1016 1448 sub
1040 1385 1184 1449 humana
1207 1395 1334 1449 tantum

211 1498 320 1580 specie
343 1496 533 1560 hominibus
556 1497 745 1579 apparuisse
768 1517 875 1578 neque
893 1518 1007 1560 verum
1020 1490 1140 1580 corpus
1154 1498 1333 1562 humanum

211 1612 449 1693 assumpsisse?

257 1723 358 1787 Addo
395 1724 513 1786 deinde
547 1732 781 1804 argumentum
813 1728 885 1784 κατ’
909 1727 1093 1807 ἄνθρωπον.
1141 1727 1218 1807 Ipse
1248 1726 1333 1787 enim

215 1837 445 1919 Naegelsbach
481 1846 592 1899 monet
615 1837 713 1899 deum
739 1836 916 1900 Chironem
943 1839 996 1921 (dc
1020 1861 1088 1922 quo
1112 1839 1194 1902 inira
1218 1840 1250 1902 in
1273 1838 1336 1902 hoc

205 1954 330 2035 'capitel
368 1962 535 2016 mortuum
571 1973 652 2015 esse.
682 1952 710 2036 1)
757 1950 827 2015 Iam
860 1955 957 2034 igitur
987 1954 1048 2016 sibi
1072 1956 1142 2037 ipse
1165 1963 1336 2037 repugnat,

212 2067 274 2128 nisi
304 2067 386 2129 sorte
421 2087 509 2129 mors
545 2068 573 2128 ei
603 2066 702 2130 aliud.
718 2067 797 2148 quid
822 2067 983 2149 significet
1006 2090 1105 2150 quarn
1130 2069 1278 2151 corporis
1303 2077 1335 2132 et

213 2181 312 2244 animi
348 2182 520 2262 separatio,
568 2179 633 2243 Sed
667 2181 779 2262 plures
815 2181 877 2243 loci
913 2182 954 2243 ad
989 2181 1072 2244 hanc
1104 2203 1173 2245 rem
1197 2181 1335 2245 alicuius

213 2295 365 2358 videntur
389 2315 461 2358 esse
484 2295 652 2357 momenti.
678 2293 762 2374 Sept.
792 2310 965 2375 199-200
989 2296 1067 2358 dicit
1092 2296 1264 2359 Eteocles:

789 2404 860 2468 ἀλλ’
884 2399 940 2473 οὖν
964 2411 1059 2480 θεοὺς

390 2525 464 2594 τούς
488 2526 543 2600 τῆς
566 2518 703 2602 ἁλούσης
727 2518 848 2593 πόλιν),ἱ
871 2519 1025 2587 ἐκλείπειν
1050 2520 1147 2598 λόγος.

259 2637 324 2700 Hic
348 2637 388 2699 de
412 2637 473 2699 diis
497 2636 690 2717 corporibus
714 2636 797 2698 vivis
821 2637 976 2717 praeditis
989 2638 1125 2718 cogitari
1139 2659 1204 2700 non
1216 2646 1336 2720 potest,

212 2753 289 2834 quia
323 2751 403 2814 tales
436 2751 477 2813 dii
501 2751 532 2812 in
557 2748 638 2812 urbe
662 2771 825 2832 nusquam
849 2751 1109 2815 inveniebantur.
1155 2750 1336 2815 Scholiasta
1425 2764 1428 2769 “

212 2865 344 2948 quidem
379 2873 465 2927 recte
496 2872 609 2926 monet
631 2864 769 2939 deorum
793 2866 953 2946 imagines
976 2864 1018 2927 ab
1043 2866 1121 2946 ipsis
1144 2866 1206 2929 diis
1227 2866 1336 2940 Troia,

211 3000 287 3042 cum
322 2979 489 3042 interitura
524 2988 607 3041 esset
642 2978 723 3041 haec
759 2979 846 3056 urbs,
883 3000 955 3042 esse
986 2979 1123 3056 ablatos,
1150 2980 1181 3063 2)
1213 2981 1270 3043 sed
1293 3001 1336 3043 ex

248 3178 270 3244 1)
286 3179 387 3227 Nachh.
414 3178 504 3227 Theol.
531 3195 556 3242 p.
585 3192 628 3230 12:
655 3180 743 3238 „Aber
769 3180 814 3228 das
841 3180 871 3229 ist
894 3180 1050 3235 bedeutsam.
1073 3194 1147 3229 werin
1170 3181 1214 3228 das
1232 3181 1337 3230 attische

210 3271 279 3319 Volk
304 3271 339 3319 im
362 3270 472 3319 Theater
495 3277 602 3337 vertrug,
628 3273 685 3320 dass
708 3272 749 3321 bei
767 3273 859 3321 Aesch.
878 3273 961 3321 Prom.
983 3285 1045 3336 1027
1063 3270 1149 3338 (1031)
1166 3273 1217 3321 und
1236 3273 1336 3337 Fragm.

212 3363 301 3413 Herm.
327 3375 375 3422 214
399 3362 468 3411 eines
493 3363 591 3422 Gottes,
615 3363 660 3412 des
678 3362 782 3428 Chiron,
801 3363 965 3428 Erwahnung
981 3364 1100 3429 geschah,
1118 3365 1171 3424 der,
1189 3380 1238 3412 von
1255 3363 1336 3412 einem

211 3454 328 3518 Ginpfeil
353 3454 398 3502 des
425 3452 547 3502 Heracles
572 3454 706 3503 unheilbar
730 3455 875 3504 verwundet
896 3455 984 3522 (Soph.
1011 3455 1103 3504 Trach.
1128 3464 1176 3519 705
1195 3453 1277 3518 [715],
1299 3451 1337 3502 sur

210 3547 374 3595 Prometheus
401 3545 450 3594 den
467 3545 524 3595 Tod
545 3545 656 3595 erleiden
673 3546 727 3595 will
745 3546 796 3596 und
813 3547 929 3595 wirklich
948 3546 1058 3596 erleidet.
1087 3547 1164 3595 Denu
1181 3560 1255 3595 wenn
1272 3547 1336 3594 auch

210 3637 256 3686 das
274 3638 346 3687 θεῶν
363 3655 405 3694 τις
422 3637 466 3685 des
484 3637 632 3701 Aeschylus,
649 3638 694 3685 das
713 3637 779 3694 θεὸς
797 3635 903 3702 Χείρων
921 3637 965 3686 des
975 3634 1112 3701 Sophocles
1122 3636 1192 3684 nicht
1202 3635 1336 3700 vollsinnig

211 3743 240 3775 zu
258 3728 366 3776 nehmen
383 3728 422 3790 ist,
440 3728 474 3777 da
492 3728 669 3778 Schneidewin
687 3746 716 3777 zu
735 3728 815 3794 Soph.
833 3728 864 3778 Ο.
883 3729 912 3780 C.
930 3729 961 3793 65
981 3728 1029 3776 den
1049 3727 1184 3776 Gebrauch
1202 3743 1252 3776 von
1272 3728 1337 3785 θεὸς

211 3820 249 3869 s'dr
276 3823 341 3887 ἥρως
367 3821 558 3884 nachgewiesen
581 3822 633 3880 hat,
657 3838 684 3870 so
709 3821 772 3870 wird
796 3821 863 3869 doch
880 3821 973 3870 Chiron
992 3836 1041 3869 von
1060 3820 1104 3869 der
1122 3819 1187 3884 Sage
1202 3819 1336 3884 jedensalls

210 3912 364 3962 unsterblich
389 3919 499 3978 genannt
525 3913 656 3978 (Apollod.
682 3925 705 3973 2,
730 3923 752 3977 5,
777 3926 801 3972 4,
827 3913 839 3976 5
863 3923 886 3977 5,
911 3923 935 3977 5,
964 3923 1001 3974 11,
1026 3914 1038 3976 5
1065 3911 1104 3976 10)
1128 3912 1180 3959 und
1198 3911 1224 3960 in
1241 3910 1336 3960 seinem

211 4004 438 4054 stellvertretenden
455 4005 528 4054 Tode
545 4005 582 4055 als
604 4004 645 4054 eiu
663 4004 853 4054 Unsterblicher
869 4003 1001 4069 gedacht.''

246 4102 271 4160 2)
287 4095 371 4145 Schol.
387 4097 419 4144 ad
435 4114 458 4145 v.
479 4109 538 4159 199:
557 4097 619 4155 „oiur
639 4094 740 4160 ἀλόγως
759 4096 832 4161 λέγει
852 4097 912 4152 τοὺς
930 4100 979 4160 τῆς
998 4094 1099 4153 πόλεως
1118 4095 1201 4150 θεοὺς
1218 4094 1336 4158 φεύγειν,

212 4187 407 4254 πορθηθείσης
430 4189 523 4252 αὐτῆς.
549 4187 660 4252 λέγεται
686 4189 737 4255 γὰρ
762 4188 802 4236 ὅτι
819 4188 863 4236 ὅτε
884 4186 978 4247 duella
997 4188 1185 4255 πορθηθῆναι
1204 4187 1221 4250 ἡ
1243 4184 1336 4252 Τροία,

213 4277 350 4343 ἐφάνησαν
374 4278 397 4326 οἱ
424 4279 485 4327 θεοὶ
512 4287 564 4335 τοῖς
592 4278 695 4344 Τρωσὶν
721 4279 878 4339 ἀνελόμενοι
906 4281 933 4327 ἐκ
957 4281 1009 4330 τῶν
1033 4281 1102 4328 ναῶν
1127 4279 1162 4325 τὰ
1188 4274 1337 4340 ἀγάλματα

212 4371 307 4420 αὑτῶν.
