3106 4822
866 270 927 337 130

333 446 398 507 vim
423 455 534 509 tamen
559 449 600 509 ad
626 448 705 508 deos
724 446 922 508 referendam
938 442 1008 508 esse
1021 458 1155 528 apparet
1168 470 1210 510 ex
1226 451 1272 524 iis,
1287 472 1370 531 quae
1384 451 1463 514 dicit

333 558 527 634 Cassandra,
551 561 605 622 illa
628 569 720 622 vates
744 558 908 640 Apollinis
931 561 963 642 (i.
988 582 1015 623 e.
1040 561 1151 643 Iovis),
1171 562 1460 643 Agamemnonem

333 695 375 736 ex
400 675 536 737 consilio
561 677 698 736 deorum
723 675 927 736 interfectum
952 696 1022 737 esse
1047 677 1179 759 (Agant.
1209 679 1460 761 1241—1244):

512 791 578 848 ἐπεὶ
604 790 639 847 τὸ
664 792 792 867 πρωτον
817 785 900 848 atla
923 786 1026 849 Ἰλίου
1051 787 1146 850 πόλιν

514 887 685 967 πράξασαν
710 888 752 959 ως
777 886 925 967 ἕπραξιν,
949 891 980 949 o‘i
1004 881 1116 971 δίἶχον
1142 887 1235 954 πόλιν
1267 893 1294 974 1)

511 990 612 1061 οὑτως
636 986 897 1050 άτιαλλάσσονσιν
924 992 955 1053 ἐν
983 996 1065 1054 θεων
1090 992 1195 1072 κρίσιι,

512 1094 601 1151 iotha
626 1088 748 1170 πράξω,
773 1088 923 1168 τλήσομαι
949 1093 985 1151 τὸ
1009 1098 1197 1152 κατέλανιῖν.

378 1206 442 1268 Sed
467 1206 499 1266 in
523 1204 582 1265 hac
607 1225 787 1285 quoquere
801 1204 922 1267 chorus
937 1217 1031 1287 urget
1045 1206 1300 1288 Clytaemestrae
1314 1209 1458 1290 eulpam,

332 1339 407 1380 nam
432 1320 459 1380 ei
484 1319 659 1399 respondet
683 1339 733 1380 vv.
764 1318 999 1397 1467—1470:

555 1431 597 1501 ώ,·
620 1433 674 1509 μὲν
699 1429 841 1502 ἀναίτιος
866 1439 891 1490 οι

559 1531 651 1592 nihile
675 1536 772 1611 ρονοιι
798 1533 844 1602 τί,1
868 1535 886 1592 ο
906 1539 1132 1612 μαρτνριρσιον,·

555 1638 606 1693 πω
632 1638 701 1708 πως
726 1637 892 1714 πατρόθεν
916 1630 948 1693 δὲ
973 1630 1092 1711 σνλλρ-

558 1760 647 1817 πτωρ
672 1733 784 1812 γένοιτ’
809 1739 848 1799 άν
873 1732 1031 1817 ἀλάστωρ.

379 1853 493 1933 Atque
517 1852 605 1913 omni
630 1853 753 1913 ratione
777 1858 909 1924 careret,
934 1850 1024 1931 quod
1049 1848 1181 1912 Orestes
1204 1861 1329 1931 patrem
1345 1852 1455 1913 ulcisci

335 1965 376 2026 ab
390 1966 545 2046 Apolline
556 1966 736 2041 iubebatur,
748 1964 1074 2044 nisiAgamemnonis
1086 1966 1188 2026 necati
1200 1964 1455 2045 Clytaemestrae

336 2080 396 2159 ipsi
432 2079 528 2159 culpa
562 2088 647 2140 esset
681 2079 895 2139 attribuenda.
942 2078 1092 2158 Apparet
1126 2079 1223 2158 igitur
1247 2077 1454 2158 Aeschylum

338 2192 459 2273 ubique
494 2193 611 2252 docere
636 2191 825 2253 hominibus
849 2193 1008 2254 rationem
1032 2212 1169 2253 suorum
1194 2192 1355 2253 sactorum
1380 2194 1452 2254 red-

336 2304 477 2366 dendam
503 2326 574 2366 esse
598 2314 630 2366 et
653 2315 761 2367 tamen
782 2307 892 2367 omnia
904 2326 923 2366 a
936 2306 998 2366 deo
1011 2305 1226 2366 administrari
1240 2314 1272 2366 et
1283 2306 1457 2386 provideri.

336 2417 434 2498 Quod
459 2420 535 2500 quia
558 2419 668 2480 multis
694 2421 768 2482 viris
792 2421 895 2481 doctis
919 2419 1096 2480 absurdum
1118 2428 1149 2480 et
1170 2420 1308 2480 iustitiae
1328 2419 1457 2482 divinae

336 2534 504 2595 imminere
529 2534 636 2596 visum
660 2543 717 2608 est,
742 2518 860 2614 partim
885 2543 1067 2595 statuerunt
1090 2532 1296 2612 Aeschylum
1322 2533 1455 2614 sibiipsi

336 2667 493 2728 pugnare,
531 2648 649 2728 partim
685 2646 768 2708 hanc
803 2648 1042 2728 providentiam
1078 2647 1221 2708 divinam
1252 2647 1293 2706 ad
1318 2647 1459 2709 rationes

336 2761 386 2822 vel
411 2762 520 2842 potius
545 2770 731 2823 commenta
754 2763 880 2841 poetica
904 2763 1106 2825 referendam
1134 2783 1203 2825 esse
1228 2769 1405 2824 senserunt.
1426 2762 1458 2843 2)

373 2957 393 3021 1)
412 2959 587 3021 Agamemnon
605 2957 659 3008 scil.
677 2987 707 2994 -
727 2957 892 3015 ἀπαλλάσσων
910 2959 959 3006 hoe
978 2959 1034 3008 loeo
1054 2947 1207 3009 intransitive
1223 2978 1267 3026 pro
1278 2963 1352 3009 verbo
1363 2960 1463 3025 dieitur,

308 3105 310 3111 s
334 3050 402 3113 qnod
420 3056 456 3096 est
473 3049 547 3100 ινιονί,

368 3152 393 3200 2)
422 3139 480 3188 Chr.
515 3140 628 3203 Herwig,
660 3142 713 3188 Das
746 3141 972 3206 emisch-religiose
1000 3144 1157 3192 anrlmnent
1184 3145 1227 3192 der
1254 3143 1458 3204 aeschyleisehen

336 3231 485 3295 Tragoedie,
512 3232 639 3279 Konstanz
668 3232 739 3294 1878,
767 3235 852 3297 Progr.
879 3248 929 3294 490
955 3252 980 3298 p.
1006 3236 1049 3283 18:
1076 3236 1128 3294 „Es
1154 3236 1189 3283 sei
1208 3236 1262 3282 hier
1277 3235 1371 3298 jedoeh
1390 3234 1462 3282 nieht

335 3323 531 3386 verschwiegen,
558 3323 614 3369 dass
640 3338 666 3370 es
693 3324 896 3390 vereinzelte(?!)
923 3327 1017 3374 Stellen
1043 3327 1083 3374 bei
1108 3326 1249 3389 Aeschylos
1267 3326 1343 3389 giem,
1364 3325 1459 3372 welche

336 3416 380 3463 mit
406 3416 451 3463 der
477 3415 624 3463 erltiuterten
651 3415 903 3480 Grundanschmnmg
926 3417 960 3463 im
979 3417 1159 3482 Widerspruch
1178 3434 1206 3464 zn
1223 3418 1309 3464 slehen
1329 3416 1458 3465 seheinen.

336 3509 388 3555 Voi·
407 3507 491 3554 Allem
509 3506 552 3554 der
571 3505 626 3553 Rus
639 3507 683 3554 des
702 3507 782 3553 Chors
800 3507 833 3555 im
851 3509 1036 3572 Agamemnon,
1055 3509 1079 3555 in
1098 3509 1145 3556 (len
1156 3525 1182 3556 er
1192 3509 1325 3566 ausbrieht,
1334 3507 1460 3554 nachdem

336 3604 511 3664 Agamemnon
537 3598 647 3662 gelallen
673 3599 704 3646 ist
731 3600 782 3647 und
807 3600 848 3648 die
876 3600 952 3648 Kette
969 3616 1075 3663 grausen
1094 3601 1297 3648 Weehsehnonls
1315 3599 1372 3645 elem
1391 3597 1461 3645 Chor

336 3692 411 3739 srisch
429 3691 467 3738 ins
485 3690 652 3739 Bewusstsein
670 3691 721 3739 tritt
739 3708 763 3739 v.
784 3691 861 3755 1483:
1067 3686 1069 3690 ⁴

503 3781 567 3841 Ach‚
585 3781 705 3845 trauriger
724 3781 807 3828 Rnhm
826 3783 870 3829 des
887 3798 1002 3846 gransen,

504 3872 617 3920 Niemals
636 3874 769 3921 endentlen
788 3873 907 3922 Unheilsl

503 3965 526 4010 O
545 3964 639 4028 Grann,
657 3981 672 4012 0
691 3965 790 4012 Grannt
810 3965 843 4012 So
862 3964 931 4013 lenkt
948 3982 974 4014 es
992 3965 1064 4024 Zeus,

504 4056 556 4103 Der
575 4056 645 4104 Alles
665 4055 727 4120 sttgt,
744 4056 789 4104 der
807 4056 879 4104 Alles
897 4057 997 4104 schalltl

504 4148 579 4195 Denn
597 4164 647 4194 was
664 4148 793 4212 geschieht
811 4148 869 4195 (lem
889 4148 1029 4196 Menschen
1047 4149 1112 4196 ohne
1129 4149 1196 4206 elleh,
1215 4150 1296 4196 Zeus?

370 4237 438 4284 Aber
456 4237 481 4284 in
499 4238 557 4285 dem
575 4238 664 4285 letzten
681 4238 824 4299 Abschnitt‚
842 4239 886 4286 der
900 4239 953 4286 sich
964 4239 1009 4287 mit
1018 4240 1067 4286 den
1077 4240 1233 4287 zahheiehen
1244 4238 1461 4300 Widersprtichen

336 4329 505 4394 beschitltigen
532 4330 587 4393 soll,
606 4329 701 4377 welche
715 4330 755 4393 'im
774 4331 912 4378 Einzelnen
932 4332 976 4379 das
994 4348 1078 4395 grosse
1098 4331 1197 4395 Prineip
1216 4331 1259 4378 iles
1278 4331 1380 4378 Ganzen
1398 4330 1455 4377 aul·
