3106 4822
808 273 871 320 100

274 447 375 528 repeti
411 464 477 508 non
512 454 641 527 poterat
675 465 782 527 neque
817 445 849 507 in
884 443 1044 525 Aeschyli
1079 445 1250 526 tragoedia
1284 444 1326 507 ab
1357 464 1398 507 eo

275 559 489 641 repetebatur.
514 564 541 637 1)

318 674 409 755 Quid
443 673 566 756 igitur?
612 673 730 736 Fuitne
761 671 885 736 Chiron
908 673 996 754 apud
1019 670 1226 754 Aeschylum
1252 671 1398 734 mortalis

272 810 314 851 an
351 808 429 851 vero
465 786 677 850 immortalis?
723 786 888 868 Equidem
924 795 1006 869 puto
1041 784 1094 848 hic
1128 785 1396 866 distinguendum

273 922 356 964 esse.
387 900 475 963 Nam
498 901 588 982 quod
611 901 653 963 ad
676 909 779 963 artem
803 898 973 982 Aeschyli,
997 901 1053 982 qui
1080 899 1311 963 Prometheum
1337 899 1397 961 im-

275 1015 445 1078 mortalem
481 1014 569 1091 fecit,
605 1035 681 1092 non,
718 1023 753 1076 ut
795 1013 1033 1095 Apollodorus,
1071 1013 1254 1085 mortalem,
1301 1014 1398 1075 etiarn

275 1127 398 1192 Chiron
434 1128 626 1192 immortalis
661 1128 731 1203 fuit,
768 1129 849 1191 deus
885 1128 972 1189 enim
1006 1127 1124 1209 aliquis
1157 1126 1247 1190 solus
1278 1127 1398 1208 dignus

274 1253 352 1319 erat,
377 1243 433 1326 qui
456 1263 517 1325 pro
540 1241 604 1305 alio
628 1242 691 1304 deo
714 1241 894 1324 puniretur,
919 1261 1026 1323 neque
1051 1261 1189 1324 usquam
1209 1240 1398 1322 Aeschylus

274 1357 352 1419 dicit
374 1358 430 1419 aut
455 1355 685 1418 Prometheum
709 1364 765 1417 aut
789 1353 964 1417 Chironem
989 1356 1072 1417 mori
1096 1354 1224 1431 debere,
1249 1356 1307 1418 sed
1322 1356 1398 1418 Pro·

274 1469 424 1532 metheus
435 1478 611 1552 postquam
624 1468 656 1530 in
668 1468 805 1530 Tartaro
818 1469 960 1543 iacuerit,
976 1469 1093 1530 iterum
1106 1469 1166 1531 sub
1180 1469 1257 1532 divo
1270 1468 1397 1550 aquilae

273 1593 379 1646 rostro
404 1583 605 1658 lacerabitur,
631 1581 736 1643 donec
761 1579 884 1644 Chiron
907 1583 976 1644 eius
1001 1581 1128 1645 doleres
1147 1583 1179 1645 in
1193 1603 1228 1644 se
1241 1583 1398 1664 suscipiat

274 1706 306 1760 et
327 1717 389 1779 pro
413 1716 453 1759 eo
476 1699 508 1759 in
532 1695 704 1759 Tartarum
729 1698 774 1758 ire
798 1696 882 1759 velit.
899 1694 1076 1758 Chironem
1089 1697 1176 1779 apud
1189 1694 1397 1778 Aeschylum

273 1832 339 1874 non
376 1820 412 1873 ut
447 1812 640 1873 moriturum
675 1809 784 1872 induci
820 1811 889 1891 ipse
925 1809 1156 1892 Naegelsbach
1192 1811 1398 1887 concederet,

273 1945 348 1988 nam
384 1925 411 1986 si
442 1925 624 1987 moriturus
660 1924 823 1988 videretur
853 1943 903 1999 eo,
927 1923 1017 2006 quod
1041 1924 1074 1985 in
1097 1924 1269 1987 Tartarum
1295 1925 1398 1986 iturus

272 2047 367 2116 esset,
404 2036 528 2100 Chiron
559 2036 822 2118 Naegelsbachio
847 2038 961 2099 unicus
985 2037 1065 2099 deus
1089 2057 1160 2099 esse
1184 2058 1250 2099 non
1273 2044 1395 2119 posset,

272 2154 328 2236 qui
360 2159 550 2226 moreretur,
584 2169 660 2211 cum
685 2151 782 2211 etiam
803 2149 932 2231 priores
956 2151 999 2212 dii
1023 2149 1110 2232 apud
1136 2149 1341 2233 Aeschylum
1365 2150 1397 2212 in

272 2268 444 2329 Tartarum
469 2263 586 2326 deiecti
612 2283 682 2325 esse
705 2262 863 2326 dicantur.

320 2379 354 2442 Si
364 2418 367 2424 ·
377 2387 488 2441 tamen
511 2386 615 2439 artem
628 2376 791 2457 Aeschyli·
808 2396 874 2438 non
886 2377 1110 2460 respiciamus
1122 2377 1180 2439 sed
1194 2397 1397 2459 quaeramus,

272 2492 352 2573 quid
395 2488 586 2570 Aeschylus
629 2509 740 2552 revera
782 2490 964 2568 crediderit,
999 2511 1107 2572 neque
1141 2510 1205 2572 ego
1239 2491 1394 2554 existimo

273 2605 482 2687 Aeschylum
517 2603 598 2666 tales
621 2604 720 2681 deos,
757 2604 870 2685 quales
894 2603 1058 2682 Centauri,
1082 2604 1267 2680 credidisse,
1291 2625 1399 2688 neque

275 2721 360 2784 hanc
383 2721 424 2782 de
446 2717 618 2801 Aeschylo
642 2717 829 2799 opinionem
851 2718 942 2782 alteri
965 2720 1125 2800 imputare
1148 2718 1298 2781 audeam.
1323 2719 1398 2782 Sive

273 2836 383 2917 igitur*
401 2834 478 2897 artis
508 2833 576 2895 sive
607 2852 702 2895 verae
733 2831 892 2916 Aeschyli
924 2833 1101 2897 sententiae
1130 2834 1255 2897 ratione
1278 2832 1396 2909 habita,

275 2967 437 3031 nusquam
462 2946 650 3030 Aeschylus
672 2947 801 3009 videtur
820 2947 955 3010 deorum
967 2946 1200 3009 immortalitati
1214 2947 1397 3029 quidquam

274 3052 481 3126 detrectasse.
526 3057 592 3121 Sed
628 3059 765 3122 sortasse
789 3081 855 3123 non
879 3060 1019 3123 multum
1043 3061 1085 3122 de
1109 3058 1170 3122 hac
1194 3081 1228 3122 re
1251 3059 1396 3143 philoso-

271 3176 391 3258 phatus
425 3182 492 3248 est,
518 3174 656 3235 credidit
679 3184 806 3236 tantum
830 3174 929 3236 deum
952 3175 1062 3237 vivere
1084 3183 1117 3237 et
1140 3175 1301 3236 victurum
1326 3195 1396 3237 esse

272 3283 331 3374 per
365 3288 495 3353 saecula
517 3288 559 3370 κ),
594 3287 676 3351 vidit
705 3297 815 3350 autem
840 3288 1012 3351 hominum
1035 3296 1175 3351 aetatem
1199 3289 1296 3350 aetati
1320 3309 1393 3350 suc-

273 3406 399 3479 cedere,
442 3423 527 3486 quae
560 3402 677 3465 ambae
713 3423 763 3465 res
797 3402 894 3465 nullis
929 3404 1165 3486 cogitationum
1200 3403 1396 3485 ambagibus

274 3519 401 3583 efficere
424 3518 617 3594 debuerunt,
650 3525 685 3579 ut
707 3523 804 3598 poeta
828 3517 998 3580 mortalem
1022 3516 1195 3580 hominum
1220 3519 1318 3581 vitam
1343 3516 1395 3578 dei

275 3633 509 3697 immortalitati
533 3641 724 3714 opponeret.

312 3783 335 3849 1)
358 3781 506 3846 Aeschylus,
533 3779 617 3844 credo,
643 3779 818 3829 Prometheum
843 3786 885 3828 aut
908 3780 1058 3841 Chironem,¹
1077 3786 1119 3828 aut
1136 3779 1214 3827 alium
1231 3794 1306 3842 quem
1323 3777 1396 3826 deum

274 3876 404 3925 mortalem
428 3872 641 3922 immortalitatem
666 3872 782 3920 habuisse
807 3870 891 3919 statuit
908 3883 935 3920 ut
952 3871 1019 3935 apud
1036 3871 1221 3935 Apollodorum
1238 3868 1256 3919 l.
1274 3885 1349 3933 supra
1365 3868 1397 3920 l.l

273 3972 363 4035 Neque
386 3968 573 4033 Apollodorum
598 3967 624 4014 in
649 3967 694 4015 has
718 3967 821 4032 ineptias
846 3967 926 4016 abisse
948 3967 1037 4029 sentio,
1054 3967 1148 4031 quippe
1166 3966 1208 4032 qui
1225 3974 1276 4016 tam
1293 3965 1398 4013 ridicule

272 4067 315 4114 illa
333 4066 408 4113 verba
425 4064 488 4111 inter
506 4079 533 4112 se
551 4063 694 4127 opposuerit
711 4069 737 4111 ut
754 4062 860 4126 quisque
877 4061 952 4110 facile
968 4060 1107 4125 intellegat,
1126 4060 1185 4124 quid
1203 4059 1305 4108 senserit
1320 4057 1396 4124 (Csr.:

278 4162 377 4222 ...μὴ
402 4155 553 4214 δυνάμενος
578 4153 742 4218 τελευτῆσαι
769 4155 881 4220 ἐπείπερ
907 4153 1051 4210 ἀθάνατος
1076 4141 1171 4217 ἤτω..
1195 4151 1341 4199 ἀπέθανεν
1358 4156 1396 4198 et:

272 4250 404 4317 παρέσχε.
415 4286 421 4296 .
432 4284 455 4296 ..
476 4245 600 4313 Χείρωνα
620 4248 752 4310 θνήσκειν
771 4245 935 4309 ἀθάνατον).

306 4340 331 4408 2)
350 4339 439 4405 Suppl.
456 4349 519 4403 555:
538 4339 609 4396 Ζεὺς
627 4341 719 4396 αἰῶνος
739 4340 818 4406 κρέων
837 4339 1023 4389 ἀπαύστου...
