3106 4822
840 254 898 333 138

352 439 445 501 llaec
487 439 586 502 verba
627 440 733 521 primo
772 441 887 502 obtutu
924 442 1068 523 opinioni
1104 442 1306 517 Buchholzii,
1343 467 1434 527 quae

306 553 554 634 quodammodo
589 554 686 615 etiam
722 553 837 615 Zelleri
867 563 926 629 cst,
961 556 1068 618 favere
1092 557 1250 620 videntur.
1286 558 1434 620 Videtur

305 667 392 727 enim
426 686 523 747 posse
553 666 686 728 felicitas
717 688 799 741 esse,
824 687 908 748 quae
932 667 983 728 dei
1007 669 1159 730 invidiam
1183 671 1311 732 excitet.
1360 669 1430 732 Sed

305 780 447 855 ἄοθονος
486 775 577 862 olim
618 778 682 841 hoc
725 780 798 841 loco
841 779 928 841 idem
963 782 1121 862 significat
1155 791 1255 864 atque
1289 783 1428 864 felicitas

305 893 372 953 sine
395 893 509 955 iniuria
531 902 633 974 parta,
658 913 796 974 eamque
820 894 862 954 ob
875 914 944 955 rem
957 894 1007 954 dei
1021 895 1174 958 invidiam
1188 917 1253 958 non
1267 898 1428 959 excitans

305 1006 391 1067 Nam
416 1005 470 1068 illa
492 1006 636 1083 felicitas,
661 1007 701 1067 de
725 1026 791 1088 qua
815 1006 961 1068 versibus
981 1028 1080 1088 supra
1093 1007 1231 1071 laudatis
1245 1030 1354 1071 sermo
1367 1021 1428 1088 est,

304 1121 380 1181 ἄνευ
404 1116 494 1190 δίκας
517 1129 566 1182 est
588 1130 690 1201 parta,
714 1140 813 1200 quam
838 1119 880 1181 ob
905 1140 977 1192 rem,
997 1118 1153 1199 ’Erum-'ag
1176 1122 1427 1204 quaehocloco

305 1235 449 1295 divinam
485 1236 565 1295 iram
602 1242 633 1295 et
669 1234 835 1309 ultionem,
861 1254 1028 1315 nunquam
1054 1236 1206 1298 invidiam
1231 1237 1427 1317 significant,

304 1370 380 1410 eum
416 1370 520 1430 usque
556 1349 587 1410 in
611 1349 782 1410 Tartarum
806 1358 1060 1429 persequuntur.
1086 1349 1169 1410 Item
1195 1370 1258 1412 non
1284 1351 1427 1414 multum

305 1465 435 1525 interest
470 1465 550 1525 inter
587 1465 766 1542 insonnem
802 1497 841 1506 -
867 1471 898 1524 et
921 1463 998 1524 ἄνευ
1023 1458 1111 1533 δίκας
1135 1460 1240 1526 uttan·
1265 1455 1307 1524 εὖ.
1348 1467 1426 1528 Hoc

304 1587 412 1640 autem
438 1578 512 1639 loco
536 1597 601 1637 non
625 1577 744 1639 iustam
768 1574 965 1651 felicitatem,
979 1577 1036 1637 sed
1050 1577 1133 1638 male
1145 1588 1272 1659 partam
1285 1580 1437 1642 invidiae-

304 1712 374 1752 esse
409 1691 472 1752 dici
509 1711 558 1752 res
591 1690 768 1751 certissima
791 1688 835 1762 fit,
860 1690 886 1750 si
911 1689 1052 1769 legimus
1076 1699 1181 1752 totum
1206 1692 1269 1754 hoc
1294 1714 1449 1759 carmen¹

305 1805 368 1886 (vv.
413 1804 612 1887 342-466),
657 1804 942 1884 meminimusque,
978 1805 1097 1884 quihus
1131 1805 1293 1867 adductus
1328 1808 1426 1870 rebus

304 1918 422 1980 chorus
445 1918 508 1979 hoc
531 1939 662 1980 carmen
686 1919 845 1979 cecinerit.
872 1917 947 1979 Una
971 1919 1056 1978 enim
1081 1928 1129 1980 est
1154 1920 1267 1981 iniuria
1292 1921 1425 1998 Paridis,

304 2033 359 2113 qul
392 2029 520 2107 „elohi
546 2032 575 2103 ἐς
599 2028 691 2110 δόμον
717 2032 771 2093 τὸν
796 2027 972 2111 Ἀτρειδᾶν
998 2035 1108 2112 ᾔσχυνε
1133 2029 1238 2102 ξενίαν
1264 2033 1426 2114 τοάπιζαν

304 2144 452 2206 κλοπαῖσι
483 2147 631 2220 γυναικός
660 2148 724 2228 (vv.
750 2147 947 2225 384—387),
983 2146 1083 2208 altera
1106 2155 1156 2208 est
1180 2149 1278 2209 nimia
1301 2148 1427 2229 gloriae

304 2261 441 2322 aviditas
465 2261 738 2341 Agamemnonis,
763 2281 828 2342 qua
849 2262 1020 2341 instigatus
1041 2282 1135 2322 suam
1148 2264 1312 2343 propriam
1326 2263 1425 2325 filiam

304 2374 487 2447 immolarit,
513 2395 586 2434 nam
611 2376 652 2435 ad
676 2373 763 2434 hunc
787 2376 965 2455 principem
988 2375 1127 2454 pertinet
1151 2376 1230 2437 illud
1246 2374 1426 2457 ὑπιοκότως

304 2483 410 2550 κλοίιν
442 2478 486 2564 εὖ,
511 2501 542 2549 et
566 2487 662 2550 haec:
687 2488 780 2569 κρίνω
805 2484 981 2565 δ’ὰοθονον
1006 2486 1100 2572 ὄλβον
1127 2499 1159 2551 et
1182 2488 1246 2551 hoc
1269 2487 1342 2569 μήτ’
1357 2487 1424 2570 ai'nv

307 2597 531 2682 πτολιπόρθης
554 2603 598 2684 (ν.
621 2616 661 2681 45
689 2602 711 2683 ).

349 2717 477 2778 Eodem
503 2717 569 2777 fere
594 2717 693 2778 modo
718 2716 973 2796 intellegendum
999 2725 1057 2790 est,
1083 2717 1173 2798 quod
1186 2717 1423 2797 Agamemnon

303 2831 439 2891 nimium
482 2829 651 2906 honorem,
695 2851 761 2911 quo
798 2829 1034 2911 Clytaemestra
1069 2851 1144 2890 cum
1179 2830 1307 2892 afficere
1340 2832 1423 2909 vult,

304 2943 461 3022 repudiat,
497 2952 545 3004 est
579 2945 664 3004 enim
696 2943 811 3020 honor,
838 2946 891 3025 qui
917 2944 1005 3005 solos
1029 2945 1107 3005 deos
1132 2945 1234 3018 dccet,
1260 2947 1302 3006 ita
1328 2953 1362 3005 ut
1387 2945 1423 3018 is,

303 3057 357 3136 qni
382 3054 468 3115 hunc
489 3055 648 3117 honorem
668 3059 814 3138 accipiat,
835 3059 897 3119 deo
911 3058 1055 3119 debitum
1070 3057 1228 3120 honorem
1242 3058 1422 3120 subtrahat.

301 3169 534 3250 Agamemnon
559 3170 644 3230 enim
669 3172 745 3232 dicit
770 3173 811 3253 (ν.
838 3172 932 3254 889);

486 3280 563 3358 λέγω
589 3280 660 3341 κατ’
685 3281 796 3364 ἄνδρα,
821 3287 861 3362 μὴ
888 3288 973 3361 θεὸν,
999 3283 1100 3366 σέβειν
1125 3281 1185 3362 ἐμέ.
1205 3284 1231 3366 1)

348 3397 419 3457 Nec
444 3397 529 3458 dicat
551 3397 668 3478 aliquis
692 3398 779 3459 hunc
802 3401 918 3478 tapetis
942 3399 1100 3460 honorem
1118 3419 1182 3458 non
1196 3399 1295 3460 deum
1310 3398 1421 3459 solum

302 3510 426 3585 decere,
463 3511 627 3591 deumque
652 3513 783 3573 minime
807 3533 881 3573 eum
906 3513 1152 3593 Agamemnoni
1178 3513 1330 3588 invidere,
1356 3532 1422 3573 non

301 3625 387 3685 enim
412 3625 634 3706 quaerendum
660 3633 718 3702 est,
743 3647 820 3687 num
845 3627 1080 3706 Agamemnon
1105 3648 1214 3689 revera
1238 3626 1289 3687 dei
1304 3624 1420 3687 honori

338 3870 359 3933 ll
379 3871 417 3917 En
435 3878 499 3919 totus
517 3873 586 3920 locus
604 3872 653 3938 (vv.
672 3871 828 3936 885-889l:

502 3964 568 4029 μηδ’
587 3962 677 4024 εἵμασι
696 3964 824 4031 orpn'm‘no'
842 3965 991 4022 ἐπίφθονον
1007 3964 1089 4030 πόρον

504 4057 586 4103 sitta·
607 4057 688 4113 anfe
709 4075 747 4104 τοι
768 4056 855 4103 τοῖοιλι
878 4055 1018 4114 τιμαλφεῖν
1035 4056 1128 4122 χρεών,

502 4149 530 4195 ἓν
549 4150 676 4206 ποικίλοις
695 4150 725 4197 :tl
749 4152 853 4216 θνιμον
871 4149 935 4197 ὄντα
956 4149 1082 4197 κάλλιοίν

501 4242 608 4295 phiram·
628 4243 683 4298 ἐμοὶ
701 4240 750 4299 μὲν
769 4241 893 4300 oirlnpn'),¹
911 4241 976 4289 ἄνευ
995 4241 1085 4300 ahslon.

503 4331 569 4395 λέγω
588 4333 647 4378 κιιι’
666 4332 765 4399 ἄνδρα,
784 4338 817 4398 pi,
843 4333 917 4391 (laon,
939 4335 1029 4392 o'r-'p'atv
1048 4334 1103 4391 ἐμέ.
