3106 4822
740 293 797 356 143

337 467 471 548 ναιίτῃσι
500 468 625 542 θιρμοῖς
649 464 702 523 καί
729 460 910 542 πανουργίᾳ
934 463 999 522 τινὶ

336 577 455 641 ὄλωλεν
479 576 604 660 ἀνδρῶν
626 580 684 640 σιίν
710 577 902 656 θεοπτύστῳ
928 573 1019 653 γίνιι,

338 697 358 772 ή
380 691 438 764 ξιλν
462 689 608 762 πολίταις
631 688 784 770 ἀνδράσιν
808 688 926 760 δίκαιος
951 688 994 749 ὡν

336 804 535 888 ἐχθροξένοις
557 829 590 866 τι
616 807 668 865 καὶ
692 806 780 865 omi
804 803 980 883 ἀμνήμοσιν

337 918 456 984 ταύτοῦ
482 926 617 1001 κιιρήσας
642 915 770 990 ἐκδίκως
794 917 999 1000 ἀγρειλματος,

340 1032 470 1115 πλήγιὶς
493 1039 570 1097 uzon
594 1038 722 1113 μάστιγι
747 1033 908 1112 παγκοίνῳ
932 1029 1035 1112 ’δάμιμ

339 1148 439 1220 οὕτως
463 1147 491 1211 δ’
515 1150 674 1228 ὁμάντις,
701 1148 770 1208 υἱὸν
797 1143 942 1218 Οἰκλέους
967 1143 1057 1223 λέγω,

339 1264 470 1344 σώφρων
494 1261 613 1334 δίκαιος
638 1263 763 1340 ἀγαθὸς
790 1261 917 1344 εὐσεβής
941 1259 1033 1341 ἀνήρ,

315 1437 318 1443 ,
339 1375 434 1456 μέγας
459 1383 632 1459 προφήτης,
657 1376 811 1437 ἀνοσίοισι
837 1377 997 1455 συμιιιγιὶς

343 1494 609 1572 θρασυστόμοισιν
634 1488 788 1571 ἀνδράσιν
813 1489 870 1574 βία
894 1490 1014 1570 φρενῶν

342 1605 477 1668 τιίνουσι
503 1607 634 1686 πομπήν
660 1607 718 1683 τήν
742 1606 866 1686 μακράν
891 1601 991 1664 πάλιν
1015 1600 1133 1682 μολεῖν,

342 1719 418 1790 Διὸς
443 1715 594 1790 θέλοντος
619 1715 992 1796 συγκαθιλκυσθήσιται.

255 1856 321 1917 I·Iic
349 1878 415 1918 non
440 1878 522 1937 opus
546 1865 596 1918 est
620 1856 807 1917 huiusmodi
832 1858 1006 1918 sententias
1031 1876 1073 1915 ex
1098 1854 1203 1916 Sacris
1229 1855 1335 1917 Libris

210 1970 334 2047 afferre,
371 1973 489 2053 quibus
526 1973 687 2056 Aeschyli
724 1975 912 2054 opinionem
948 1973 1131 2060 defendam,
1156 1994 1230 2034 nam
1254 1973 1336 2034 haec

212 2086 281 2145 eius
318 2086 428 2166 opinio
465 2088 577 2149 nititur
615 2086 723 2161 rebuS,
749 2108 832 2168 quae
856 2107 967 2147 revera
991 2087 1177 2148 acciderunt
1200 2095 1231 2147 et
1255 2108 1336 2167 quas

212 2219 272 2260 nos
296 2220 410 2260 omnes
435 2219 531 2280 saepe
555 2201 702 2261 accidere
725 2201 885 2276 videmuS‚
919 2200 951 2261 id
977 2201 1066 2281 quod
1092 2201 1235 2261 maxime
1258 2220 1335 2260 con-

213 2321 276 2375 stat
323 2314 363 2374 de
399 2315 547 2388 miseriiS,
593 2314 712 2397 quibus
747 2314 832 2376 bella
866 2313 1007 2396 populos
1043 2314 1181 2375 obruere
1218 2311 1334 2373 solent.

215 2427 333 2508 Cogita
367 2428 463 2489 etiam
491 2428 538 2504 ,de
572 2429 731 2509 corruptis
766 2429 920 2504 moribus,
958 2429 1011 2510 qui
1043 2427 1085 2490 ab
1110 2427 1273 2489 sceleratis
1297 2448 1335 2488 ac
1402 2511 1404 2515 ,

213 2540 339 2602 nefariis
375 2541 522 2622 patribus
556 2541 749 2604 familiarum
786 2543 893 2604 liberis
929 2542 1111 2617 traduntur,
1147 2561 1270 2622 eosque
1305 2542 1336 2601 in

212 2656 388 2735 perniciem
401 2654 543 2717 trahunt.
568 2656 667 2717 Locis
681 2657 778 2737 igitur
792 2657 893 2718 modo
907 2656 1173 2716 commemoratis
1186 2653 1337 2735 Aeschy-

214 2768 264 2830 lus
287 2768 366 2830 nihil
390 2770 447 2831 nisi
471 2791 509 2831 ea
533 2771 653 2842 statuit,
678 2791 763 2851 quae
787 2780 936 2851 tempora
956 2770 1130 2849 praeterita
1148 2789 1223 2828 eum
1238 2768 1337 2829 docu-

213 2893 316 2960 erunt,
342 2904 442 2964 quam
466 2884 508 2944 ob
533 2904 601 2945 rem
628 2882 712 2961 Sept.
739 2883 800 2959 587
815 2876 1337 2966 (videsupra)persectohiioheu)

215 3018 293 3057 usus
318 3005 367 3059 est
384 2996 412 3079 1)
435 3017 596 3077 versuque
619 3009 676 3075 591
694 2997 816 3057 aoristo
830 2997 983 3076 gnomico
997 2991 1131 3078 (ιλάμή).
1157 2994 1228 3056 Aut
1241 2997 1338 3077 igitur

215 3131 329 3172 omnes
366 3110 531 3184 falluntur,
568 3111 623 3191 qui
648 3131 698 3172 res
723 3119 755 3172 et
778 3110 861 3171 saeta
885 3109 1029 3171 humana
1053 3121 1139 3171 recte
1163 3110 1337 3171 observare

215 3222 321 3285 solent
362 3233 460 3304 atque
502 3222 714 3285 nihilominus
752 3225 872 3300 Deum,
909 3225 1018 3284 omnia
1054 3243 1183 3284 summa
1218 3219 1338 3283 iustitia

216 3336 462 3416 gubernantem,
487 3338 632 3413 credunt,
657 3346 798 3399 autnon
824 3347 881 3413 est,
907 3358 965 3398 cur
984 3335 1185 3418 Aeschylum
1200 3345 1338 3416 quantu·

216 3448 396 3530 laecunque
420 3453 576 3514 adversus
601 3473 697 3515 suum
722 3453 820 3514 deum
844 3453 1019 3533 impietatis
1043 3453 1242 3512 incusemus,
1263 3449 1294 3530 2)

252 3709 274 3774 Ι)
297 3709 459 3758 Grannnatici
476 3710 577 3773 quidem
594 3711 686 3759 docent
703 3710 772 3758 verbi
791 3710 880 3758 Graeci
898 3709 1035 3773 perfectum
1054 3724 1104 3756 non
1123 3715 1220 3771 tempus
1238 3713 1337 3771 praete-

216 3802 290 3850 ritum
307 3803 351 3850 sed
369 3817 485 3866 praesens
503 3801 650 3865 significare,
669 3801 713 3849 sed
731 3803 780 3848 hoc
799 3803 832 3847 ita
851 3799 1047 3864 intellegendum
1065 3805 1109 3860 est,
1138 3805 1164 3846 ut
1181 3799 1211 3846 sit
1228 3799 1294 3846 actio
1313 3799 1338 3846 in

217 3896 340 3956 praesenti
356 3899 468 3957 ternpore
484 3893 592 3955 perfecta
610 3900 682 3955 atque
701 3891 822 3948 absoluta,
840 3905 915 3953 qnam
931 3891 964 3937 oh
981 3905 1032 3937 rem
1042 3889 1107 3937 actio
1118 3889 1203 3952 aliqua
1212 3890 1342 3936 ιυιαιιίίυν

217 3999 317 4032 necesse
334 3990 377 4031 est.
414 3983 444 4029 In
462 3981 571 4046 perfeeto
589 3983 685 4030 Graeco
704 3983 779 4046 igitur
797 3997 913 4046 praesens
930 3987 1028 4045 tempus
1046 3996 1101 4028 cunr
1120 3980 1254 4044 praeterito
1273 3987 1339 4029 tein-

217 4090 279 4137 pore
298 4075 422 4123 cohaeret.

252 4165 277 4229 2)
296 4166 367 4214 Haec
385 4165 480 4230 opinio,
498 4165 575 4213 alium
593 4180 703 4230 peceare,
721 4167 797 4214 alium
816 4182 922 4230 poenam
940 4164 1045 4227 solvere,
1063 4165 1126 4213 adeo
1145 4165 1221 4212 totins
1240 4165 1339 4228 generis

218 4258 322 4305 humani
350 4257 448 4321 propria
473 4266 517 4317 est,
544 4264 569 4305 ut
595 4257 661 4321 apud
680 4274 766 4306 omnes
786 4258 835 4306 sere
853 4257 960 4321 populos
978 4257 1094 4320 antiquos
1112 4256 1227 4303 homines
1246 4256 1341 4303 hostias

218 4365 261 4396 sua
287 4356 389 4412 peccata
417 4349 502 4396 luendi
529 4364 603 4396 causa
621 4348 750 4397 immolare
769 4348 866 4413 diisque
885 4349 973 4397 offerre
992 4350 1131 4398 videamus.
1168 4349 1225 4396 Ilae
1243 4347 1340 4395 hostiae
