3106 4822
766 277 805 343 33

227 451 383 532 Pelasgus
409 450 576 512 Danaides
600 457 722 525 monet,
748 458 783 511 ut
797 450 981 531 supplicent
1003 450 1083 512 diis
1104 451 1303 528 domesticis,
1322 450 1350 532 1)

225 566 344 628 chorus
379 575 490 629 autern
522 565 678 627 continuo
710 563 927 627 clarissimum
952 564 1032 627 illud
1057 585 1188 628 carmen
1211 565 1346 641 orditur,

224 680 281 742 sed
305 681 336 741 in
360 677 463 740 solius
489 678 576 741 Iovis
600 677 751 759 gloriam.

281 793 524 877 Qut....omnia
571 801 607 855 ut
654 791 796 856 breviter
831 791 1119 873 comprehendam,
1151 799 1287 873 apparet
1317 792 1349 853 in

224 906 396 991 Aeschylo
430 907 497 970 vim
532 906 776 969 consuetudinis
811 926 831 968 a
865 905 1010 987 patribus
1041 912 1194 987 acceptae
1218 926 1293 966 curn
1318 905 1349 967 vi

224 1021 356 1084 rationis
380 1029 413 1083 et
435 1020 579 1083 veritatis
601 1040 779 1102 pugnasse,
804 1021 897 1082 cuius
919 1040 1051 1102 pugnae
1075 1018 1128 1083 hic
1153 1019 1211 1081 fuit
1230 1019 1349 1092 exituS,

225 1142 261 1196 ut
295 1133 403 1196 verbis
435 1134 598 1197 interdum
621 1133 732 1215 plures
756 1134 837 1196 deos
861 1134 1030 1216 acceperit,
1054 1153 1089 1196 re
1112 1142 1222 1196 autem
1247 1153 1349 1195 unum

225 1249 324 1310 deum
359 1268 431 1310 esse
466 1247 651 1324 crediderit,
676 1268 753 1310 cum
777 1248 891 1311 Iovem
916 1256 1085 1329 tantopere
1109 1246 1290 1323 extolleret,
1316 1256 1351 1309 ut

225 1363 278 1425 alii
303 1363 354 1425 cui
378 1362 442 1424 deo
465 1361 574 1424 nullus
599 1361 835 1444 relinqueretur
858 1361 961 1425 locus.
986 1360 1071 1424 Cum
1095 1362 1194 1444 igitur
1214 1361 1350 1423 demon-

226 1476 405 1551 straverim,
440 1474 532 1557 quod
568 1472 668 1550 volui,
705 1475 770 1536 iam
806 1474 909 1537 altero
945 1477 1050 1558 capite
1084 1475 1185 1539 fatum
1210 1474 1348 1558 (Μοῖρα)

226 1589 305 1671 quid
329 1589 389 1651 sibi
413 1589 500 1665 velit,
525 1587 670 1651 breviter
693 1609 869 1670 exponam.

225 1839 307 1898 luisse,
332 1838 376 1887 sed
401 1839 464 1888 haec
492 1837 577 1886 omnia
602 1838 697 1902 optime
723 1839 882 1904 consentiunt
907 1855 962 1887 cum
980 1838 1075 1897 ceteris,
1091 1838 1209 1902 quoniam
1228 1836 1349 1904 ἀλάστωρ

226 1937 263 1979 est
287 1945 369 1992 causa,
382 1916 483 1978 ‘Xerxes
500 1935 525 1978 et
542 1929 631 1978 Graeci
649 1935 706 1978 sunt
723 1929 894 1992 instrumenta,
911 1930 973 1978 deus
991 1945 1050 1978 vero
1068 1929 1109 1977 vel
1126 1929 1162 1976 dii
1180 1929 1299 1978 vindices.
1317 1957 1350 1966 —

226 2021 291 2070 Vide
317 2021 393 2070 etiam
418 2021 489 2072 Pers.
519 2030 658 2083 733—741,
682 2019 725 2069 ubi
744 2020 837 2069 Darius
855 2020 945 2069 Xerxis
962 2020 1106 2085 superbiam
1123 2036 1224 2069 causam
1248 2020 1349 2068 calami-

225 2112 281 2161 tatis
298 2113 416 2177 appellat.

262 2201 284 2269 Ι)
318 2205 405 2269 Suppl.
424 2214 569 2269 503-504:
591 2205 672 2260 θεοὺς
691 2205 832 2269 ἐγχωρίους
851 2202 938 2261 λιταῖς
955 2208 1098 2269 παραιτοῦ.
