3074 4808
683 883 837 949 CAPUT
858 883 883 950 Ι.

488 1074 545 1135 DE
567 1086 630 1134 οε]
654 1071 866 1160 ΑΕεοΗυοοι
888 1085 1078 1134 POTENTIA.
1112 1152 1115 1158 ι

270 1514 379 1594 Quam
422 1515 502 1584 Ζευς
542 1514 659 1579 habeat
699 1519 894 1597 potestatem
936 1517 966 1577 in
1001 1496 1099 1577 omne
1133 1516 1345 1579 animantium

224 1652 339 1712 genuS,
375 1640 441 1693 tam
474 1628 655 1706 hominum,
680 1651 779 1713 quam
803 1629 979 1692 bestiarum
1004 1637 1036 1690 et
1059 1626 1243 1705 herbarum,
1263 1609 1346 1713 ¹quin

224 1747 319 1808 etiam
355 1746 386 1807 in
422 1768 472 1809 res
508 1749 573 1810 vita
591 1732 764 1825 'carentes
789 1757 824 1810 ut
848 1767 914 1809 uno
938 1743 1078 1827 denique
1102 1721 1203 1808 verbo
1227 1725 1347 1819 dicam,v

224 1862 256 1922 in
290 1869 397 1923 totum
434 1860 633 1939 universum,
668 1864 732 1925 iam
766 1884 822 1945 pp.
848 1877 974 1941 24—31
1001 1860 1261 1922 demonstratum
1285 1868 1345 1922 est.

224 1974 309 2038 Cum
344 1984 454 2038 tamen
492 1975 545 2039 hic
583 1978 767 2039 accuratius
802 1977 842 2039 de
878 1975 1017 2038 numinis
1052 1974 1151 2036 divini
1186 1982 1347 2056 potestate

176 2082 179 2087 ’
208 2089 389 2171 ‘agendum
436 2089 487 2165 sit,
534 2092 678 2172 primum
713 2111 818 2173 pauca
851 2090 981 2166 addam,
1025 2109 1092 2179 quo
1128 2087 1245 2179 elarius
1281 2086 1345 2163 fiat,

224 2224 322 2286 quam
354 2204 418 2266 late
448 2202 530 2266 haec
550 2206 601 2268 dei
624 2199 769 2288 potestas
793 2212 1003 2295 exerceatur..
1039 2203 1110 2265 Iam
1134 2201 1278 2265 vidimus
1307 2201 1345 2282 1),

223 2339 307 2400 quae
341 2319 382 2380 sit
411 2315 498 2380 Iovis
530 2320 569 2381 in
601 2319 795 2382 homines
825 2326 981 2401 potestas,
1029 2316 1125 2409 Quae
1147 2313 1270 2378 infinita
1293 2316 1345 2377 dei

221 2439 367 2512 potestas
399 2431 430 2493 in
462 2431 596 2512 singulis
627 2433 802 2513 tragoediis
825 2431 992 2515 probatur,
1016 2439 1048 2492 et
1072 2430 1117 2492 sic
1141 2428 1285 2511 quidem,
1311 2436 1346 2490 ut

222 2543 304 2607 deus
328 2564 443 2607 omnes
466 2565 517 2607 res
541 2544 709 2623 humanas
737 2566 813 2608 cum
836 2544 1043 2627 singulorum
1067 2542 1250 2617 hominum,
1273 2550 1344 2605 tum
1400 2556 1401 2559 ’
1508 2532 1511 2537 ’

221 2657 420 2740 populorum
451 2659 676 2722 administrare
700 2660 837 2723 dicatur.
873 2659 911 2721 In
934 2657 1040 2721 Persis
1062 2658 1149 2720 enim
1173 2656 1290 2719 dicitur
1312 2650 1344 2717 in

222 2772 360 2835 deorum
395 2772 466 2836 satis
498 2773 597 2836 fuisse
628 2774 742 2837 Persas
772 2773 858 2836 bella
880 2792 1003 2856 gerere,
1027 2772 1088 2849 vel,
1112 2772 1203 2855 quod
1226 2769 1344 2832 eodem

222 2887 314 2964 redit,
338 2907 395 2950 eos
418 2886 593 2950 bellicosos
617 2908 655 2951 ac
679 2889 780 2951 fortes
803 2909 875 2950 esse
898 2893 962 2966 (vv.
986 2885 1146 2968 93-98):

466 3001 586 3063 θεόθεν
608 2998 669 3081 γάρ
693 2999 777 3060 κατά
800 3002 881 3078 μοῖρ’

468 3100 637 3181 ἐκράτησεν
662 3101 699 3162 τὸ
723 3097 846 3163 παλαι-

466 3205 512 3280 όν,
538 3199 698 3284 ἐπέσκηψε
723 3199 756 3264 δὲ
780 3199 922 3286 Πέρσαις

467 3301 622 3384 πολέμους
646 3301 899 3385 πυργοδαΐκτους

466 3403 585 3468 διέπειν
611 3407 830 3489 ἱππιοχάρμας
911 3390 912 3394 ¹

466 3531 499 3568 τε
525 3504 655 3578 κλόνους
678 3503 801 3573 πόλεών
826 3507 853 3568 τ’
878 3507 1079 3578 οἰναστάσεις.

265 3622 415 3704 Itemque
449 3621 536 3684 Iovis
568 3621 704 3685 consilio
726 3621 888 3697 tribuitun
910 3622 999 3704 quod
1025 3621 1154 3683 Xerxes
1176 3629 1244 3683 tam
1268 3619 1345 3682 inse-

220 3735 323 3798 liciter
344 3735 468 3798 bellum
491 3736 592 3818 gessit
616 3734 682 3819 (vv.
706 3735 913 3817 730-732):

238 3847 314 3909 ΛΑ.
339 3853 409 3926 φεῦ,
433 3851 546 3930 ταχεῖά
568 3854 598 3926 μ’
621 3842 702 3927 ἦλθε
727 3849 872 3930 χρησμῶν
896 3845 1022 3928 πρᾶξις,
1047 3847 1077 3919 ἐς
1100 3843 1132 3908 δὲ
1156 3843 1246 3907 παῖδ’
1270 3847 1343 3926 ἐμὸν

339 3950 418 4022 Ζεύς
442 3946 631 4032 ἀπέσκηψεν
656 3948 809 4030 τελευτὴν
834 3953 1019 4030 θεσφάτων·
1044 3947 1104 4027 ε’χὼ
1129 3944 1161 4009 δέ
1186 3969 1249 4009 που

339 4048 392 4111 διὰ
414 4055 535 4131 μακροῦ
560 4052 672 4134 χρόνου
696 4050 769 4114 τάδ’
792 4053 909 4135 ηὔχουν
932 4048 1168 4128 ἐκτελευτήσειν
1192 4053 1296 4113 θεου.

256 4247 278 4313 1)
298 4248 358 4311 l'ag.
376 4262 484 4312 24-27.
