3106 4822
750 278 811 323 120

340 452 442 528 μήτηρ
466 449 525 527 γὰρ
550 450 638 518 οὔτις
663 448 749 507 ἐστὶν
774 450 792 526 ἠ
815 446 847 526 μ’
871 447 1024 523 ἐγείνατο,

344 561 380 621 τό
404 559 432 621 d’
457 563 552 640 ἄρσεν
577 563 659 620 αἰνῶ
684 566 806 637 πάντα,
832 557 915 638 πλὴν
939 564 1041 639 γάμον
1067 567 1186 641 τυχεῖν,

342 674 469 735 ἅπαντι
497 678 599 754 θυμόν,
626 678 727 753 κάρτα
751 670 778 735 δ’
805 676 867 753 alpi
894 683 950 737 τοῖν
976 678 1106 754 πατρός.

253 801 326 881 Ipse
362 801 501 882 denique
536 801 615 872 Ζεύς
650 800 778 862 videtur
813 799 932 862 iniuste
967 801 1083 881 egisse,
1108 812 1333 884 compatrem

210 933 314 994 regno
348 913 478 975 caelesti
512 914 615 990 eiecit,
640 916 732 975 cuius
757 913 801 975 rei
826 913 965 996 Erinyes
989 915 1188 977 mentionem
1213 915 1336 978 iaciunt

207 1027 306 1090 Eum.
330 1026 526 1107 630-631:

343 1139 464 1219 πατρό,·
489 1149 629 1220 προτιμᾷ
654 1142 733 1212 Zau
758 1143 852 1220 μόρον
877 1147 923 1221 τῷ
946 1147 990 1221 σόν
1014 1137 1107 1221 λόγῳ,

345 1252 442 1325 αὐτός
466 1253 494 1313 d'
519 1251 609 1333 ἔδησε
634 1251 758 1332 πατέρα
782 1255 964 1337 πρεσβύτην
989 1256 1126 1332 Κρόνον.

256 1378 321 1441 Sed
345 1379 435 1462 quod
458 1379 499 1441 ad
523 1380 666 1460 primum
691 1380 731 1440 de
749 1378 906 1461 Apolline
920 1379 1041 1456 locum,
1056 1383 1212 1443 memoria
1225 1390 1334 1444 tenen·

213 1493 292 1553 dum
328 1502 386 1567 est,
418 1493 499 1554 haec
522 1492 620 1556 verba
644 1491 721 1553 nihil
745 1493 805 1554 nisi
829 1493 1087 1561 additamentum
1111 1515 1184 1557 esse
1208 1515 1335 1569 eorum,

213 1626 298 1686 quae
332 1605 537 1678 antecedunt,
573 1605 693 1687 quibus
728 1605 852 1685 Apollo
888 1605 951 1674 iam
976 1604 1103 1667 efficere
1127 1616 1263 1668 conatus
1287 1614 1337 1667 est

214 1740 349 1781 causam
385 1717 522 1781 Orestae
557 1719 674 1780 iustam
706 1739 787 1794 esse,
818 1720 861 1781 ita
885 1729 920 1781 ut
944 1717 1023 1781 haec
1047 1728 1213 1800 postrema
1237 1720 1336 1781 verba

216 1853 280 1894 nou
304 1833 414 1914 magni
431 1832 494 1895 sint
506 1833 674 1898 momenti.
701 1832 787 1912 Quia
799 1841 907 1894 tamen
921 1832 997 1894 talia
1010 1829 1070 1904 ἔξω
1083 1839 1139 1893 τοο
1153 1837 1339 1914 πρόεγματο,1

216 1947 301 2009 dicta
336 1946 368 2007 in
391 1945 572 2028 Areopago
595 1966 660 2008 nou
684 1945 950 2022 admittebantur,
975 1945 1113 2008 fortasse
1135 1956 1225 2008 recte
1250 1945 1336 2008 Weil

214 2061 399 2142 suspicatus
423 2069 471 2122 est
495 2059 549 2120 illa
572 2059 736 2141 Apollinis
752 2057 852 2121 verba
864 2079 936 2120 esse
949 2058 1096 2123 delenda.
1115 2059 1142 2139 r)
1168 2059 1338 2120 Minervae

214 2182 324 2236 autem
360 2175 459 2237 verba
491 2193 556 2235 non
581 2173 731 2236 videntur
754 2173 936 2253 significare
959 2193 1032 2234 eam
1057 2171 1210 2235 Orestam
1233 2172 1337 2234 absol-

215 2308 302 2363 vere,
327 2287 415 2368 quod
439 2287 509 2367 ipsa
533 2307 598 2348 non
623 2296 759 2348 matrem
783 2283 932 2349 habuerit
944 2296 1042 2368 atque
1056 2287 1140 2349 hanc
1151 2286 1195 2348 ob
1207 2306 1338 2352 causam

221 2409 340 2464 matres
378 2402 513 2462 omnino
548 2421 613 2462 non
648 2411 748 2475 curet,
784 2402 841 2463 sed
873 2403 904 2464 id
928 2405 1049 2483 potiuS,
1073 2404 1173 2484 patris
1196 2423 1338 2477 causam,

200 2505 294 2596 ¹quia
329 2514 381 2576 hic
412 2515 532 2575 rectius
556 2513 732 2575 liberorum
756 2515 886 2594 genitor
909 2515 1089 2596 appelletur
1112 2535 1211 2598 quam
1237 2524 1339 2576 mater

216 2627 379 2711 huiusque
413 2626 565 2688 condicio
601 2627 704 2689 multo
739 2648 839 2709 quam
875 2627 960 2689 illius
995 2628 1123 2690 inferior
1154 2630 1205 2705 sit,
1241 2628 1339 2708 longe

217 2743 329 2804 matris
353 2760 470 2803 causae
493 2739 756 2821 anteponendam
780 2761 860 2802 esse.

260 2853 316 2916 Ad
341 2855 472 2916 tertium
495 2852 628 2915 tandem
652 2852 762 2915 locum
787 2873 907 2914 moneo
930 2854 1056 2930 Iovem,
1079 2862 1205 2935 patrem
1231 2853 1339 2934 Δίκης,

217 2969 243 3028 si
269 2967 448 3049 quisalius
472 2966 562 3042 deuS,
585 2965 757 3047 Aeschylo
781 2968 901 3029 iustum
926 2968 1031 3029 visum
1054 2988 1125 3029 esse
1139 2966 1340 3048 Apollinem-

218 3103 283 3164 que
314 3081 397 3143 hanc
419 3082 505 3142 Iovis
529 3080 681 3142 iustitiam
705 3081 787 3142 tueri
812 3101 861 3154 e0,
886 3082 975 3162 quod
1000 3082 1083 3143 dicat
1106 3080 1234 3143 vincula
1257 3081 1339 3143 solvi

217 3217 314 3278 posse
337 3200 433 3276 (quae
457 3214 534 3254 sane
558 3195 590 3254 in
613 3194 718 3255 Prona.
742 3192 872 3256 liberato
894 3194 1095 3276 solvuntur);
1121 3195 1222 3257 iustas
1242 3216 1342 3276 porro

218 3329 333 3370 causas
354 3307 488 3388 cogitari
502 3326 611 3387 posse,
625 3327 683 3367 cur
694 3317 786 3387 pater
799 3327 817 3367 a
831 3306 895 3368 filio
908 3307 1082 3380 vinciatur;
1108 3307 1188 3368 deos
1201 3307 1341 3387 denique

219 3420 418 3502 antiquiores
438 3417 609 3500 Aeschylo
623 3416 710 3479 haud
725 3419 872 3499 religioni
886 3419 986 3481 luisse
1000 3419 1085 3501 (vide
1096 3440 1127 3501 p.
1145 3437 1295 3481 102-10
1299 3420 1341 3502 3).

219 3535 285 3600 Sed
310 3536 375 3596 iam
399 3533 569 3596 videamus
594 3532 648 3594 illa
672 3531 732 3593 dea
757 3531 838 3612 Δίκη
862 3532 941 3614 quid
965 3534 1024 3594 sibi
1048 3532 1133 3595 velit.

264 3646 347 3728 Δίκη
380 3648 478 3729 igitur
513 3644 576 3708 filia
611 3646 729 3708 dicitur
764 3645 852 3707 Iovis
886 3645 970 3725 Sept.
1007 3646 1088 3724 645:
1121 3646 1242 3725 η’Λιό,·
1265 3651 1343 3717 παῖς

221 3758 385 3842 παρθένο,ι
410 3760 492 3842 Δίκη
515 3769 548 3823 et
575 3759 708 3840 chaph.
732 3776 927 3840 941-942:

400 3875 475 3946 Διό,1
499 3878 585 3955 κόρα·
611 3872 715 3935 Δίκαν
740 3870 773 3935 δέ
798 3893 848 3933 νιν

399 3989 670 4069 προσαγορεύομεν
694 3989 800 4071 βροτοὶ
824 3990 976 4068 τυχόντες
1000 3984 1113 4058 καλῶς.

266 4104 309 4165 Et
343 4105 433 4185 quasi
471 4123 583 4164 revera
620 4103 729 4164 divina
764 4110 848 4164 esset
882 4122 1032 4182 persona,
1067 4103 1095 4163 ei
1127 4102 1187 4183 ipsi
1224 4121 1343 4164 munus

258 4323 281 4390 1)
298 4325 339 4374 Sic
357 4325 433 4373 etiam
451 4324 591 4386 Wecklein,
609 4326 700 4373 Aesch.
719 4325 824 4387 Oresne,
841 4342 866 4390 p.
886 4336 936 4388 330
951 4324 1071 4391 (Anhang
1087 4325 1120 4373 ad
1135 4340 1176 4374 vr.
1189 4321 1343 4387 670-676).
