3106 4822
745 305 800 371 141

210 480 364 558 carmine,
401 481 491 562 quod
528 481 648 561 legitur
682 481 802 559 Agant.
826 483 1004 561 959-969
1027 490 1060 542 et
1082 480 1265 562 fragmento
1291 500 1333 541 ex

121 662 123 665 ,
209 593 324 656 Nioba.
378 594 431 656 De
466 614 533 676 quo
568 595 753 675 fragmento
790 595 869 675 quid
905 597 1052 669 sentiam,
1094 595 1168 656 vide
1202 615 1233 675 p.
1273 596 1333 655 128

210 713 319 768 annot.
345 704 371 766 I.
419 705 539 783 Agarra.
564 705 742 786 959—969
766 705 905 786 legimus
929 706 1009 768 haec
1032 706 1147 768 verba:

433 815 519 897 μάλα
542 822 601 899 γάρ
625 841 673 879 τοι
699 823 757 890 τᾶς
781 815 901 890 πολλός
925 817 1045 894 ὑγιείας

434 930 604 1012 οέκόριστον
628 931 734 1014 τέρμα.
761 934 848 1005 νόοος
871 934 931 1014 γὰρ

434 1045 547 1121 γείτων
572 1048 733 1128 όμότοιχος
757 1045 877 1126 ἐρείδει,

436 1161 490 1219 καὶ
515 1167 633 1240 πότμος
657 1160 847 1241 εὐθυπορῶν

437 1271 551 1355 ἀνδρὸς
574 1273 705 1338 ἔπαισεν
729 1276 875 1353 ἄφαντον
899 1272 988 1355 ἕρμα.

436 1390 488 1448 καὶ
512 1389 548 1449 τό
572 1390 628 1468 μὲν
654 1390 714 1470 πρό
738 1391 905 1471 χρημάτων

434 1501 570 1583 κτησίων
595 1506 685 1575 όκνος
708 1501 816 1589 βαλὼν

436 1614 610 1696 σφενδόνας
633 1617 691 1678 ‹io'
715 1616 874 1698 οόμέτρον,

434 1728 489 1791 οὐκ
514 1729 569 1792 ἔδυ
594 1734 722 1812 πρόπας
746 1729 840 1810 δόμος

436 1851 582 1925 πημονᾶς
604 1843 707 1925 γέμων
732 1850 825 1924 ἄγαν,

435 1959 500 2022 οόδ’
525 1962 670 2022 ἐπόντισε
696 1964 823 2039 σκάφος.

258 2073 325 2137 Sed
362 2097 469 2158 neque
504 2076 545 2138 de
580 2075 734 2138 omnibus
769 2074 865 2137 huius
901 2074 1051 2136 carminis
1084 2073 1231 2155 partibus
1257 2074 1335 2134 satis

212 2197 350 2264 constat,
387 2189 466 2270 quid
503 2189 562 2251 sibi
597 2189 708 2264 velint,
744 2209 819 2251 cum
855 2190 919 2251 sint
949 2188 1044 2250 valde
1068 2195 1250 2268 corruptae,
1276 2207 1336 2248 nec

212 2311 293 2383 puto
318 2301 481 2364 Zellerum
505 2302 569 2365 hoc
593 2290 724 2366 carmen
749 2312 834 2366 recte
858 2304 1103 2399 interpretatum
1128 2321 1209 2364 esse.
1256 2299 1336 2362 Sen-

211 2418 311 2479 tentia
346 2418 433 2479 enim
469 2427 519 2480 est
551 2416 652 2480 haec:
678 2419 913 2499 Agamemnon
937 2437 1137 2499 quamquam
1163 2415 1336 2477 incolumis

211 2531 309 2594 Troia
345 2534 483 2609 revertit,
524 2541 635 2595 tamen
671 2532 797 2595 chorus'
826 2526 1040 2595 vehementer
1070 2530 1201 2612 angitur
1236 2539 1268 2592 et
1305 2531 1335 2590 in

210 2645 324 2706 mediis
361 2646 489 2727 gaudiis
524 2667 640 2708 vocem
677 2647 838 2728 Erinyum
872 2645 933 2707 sibi
969 2645 1096 2707 videtur
1120 2644 1244 2720 audire,
1270 2665 1335 2725 qua

212 2778 343 2819 carmen
367 2758 452 2821 male
476 2760 664 2821 ominosum
688 2780 803 2821 canere
827 2760 964 2839 cogitur.

257 2872 343 2934 Nam
368 2873 443 2935 licet
466 2874 602 2935 morbus
626 2892 723 2954 saepe
747 2871 871 2934 homini
896 2871 1006 2934 valido
1020 2872 1187 2932 immineat
1200 2879 1231 2932 et
1245 2870 1336 2932 navis

211 2986 269 3046 viri
295 2986 403 3047 divitis
429 3006 666 3066 nonnunquam
690 2987 730 3048 ad
756 3006 872 3047 caecos
885 2985 1038 3065 scopulos
1053 2985 1213 3060 allidatur,
1226 2973 1336 3047 tamen

212 3097 261 3160 his
297 3099 390 3161 malis
426 3099 606 3161 remedium
642 3100 755 3161 datum
791 3108 839 3162 est
867 3099 895 3181 1)
928 3097 1020 3181 (haec
1051 3099 1138 3161 enim
1162 3107 1212 3160 est
1234 3099 1336 3159 totius

212 3213 339 3292 generis
363 3210 498 3274 humani
523 3211 673 3273 condicio
689 3212 730 3295 2),
756 3233 840 3293 quae
865 3211 1004 3274 chorum
1028 3233 1114 3274 nunc
1136 3232 1201 3274 nou
1215 3209 1335 3291 terret).

211 3325 259 3387 At
302 3326 326 3385 si
370 3325 545 3407 aliquando
588 3327 722 3407 sanguis
756 3327 789 3388 in
824 3335 943 3388 terram
974 3326 1129 3406 profusus
1164 3332 1224 3398 est,
1260 3321 1337 3383 huic

215 3437 301 3499 malo
328 3437 603 3500 medicamentum
629 3438 760 3500 inveniri
784 3446 893 3519 potest
917 3436 1053 3499 nullum.
1079 3436 1156 3497 Non
1177 3443 1226 3495 est
1239 3432 1337 3514 igitur

216 3550 478 3631 Agamemnonis
512 3571 668 3633 prospera
702 3551 841 3627 fortuna,
876 3536 960 3632 quae
995 3549 1132 3611 chorum
1167 3557 1337 3628 tantopere

217 3662 379 3740 sollicitet,
415 3684 490 3725 nam
526 3665 552 3726 si
587 3666 667 3727 haec
702 3665 945 3747 periclitaretur,
981 3664 1118 3724 sortasse
1152 3660 1262 3742 aliqua
1286 3662 1337 3721 via

213 3776 326 3840 salutis
370 3779 577 3856 inveniretur,
613 3780 671 3841 sed
711 3778 884 3860 Iphigenia
920 3785 1060 3838 mactata
1095 3795 1171 3837 eum
1208 3776 1240 3836 in
1276 3773 1335 3836 has

213 3891 320 3952 tristes
344 3892 545 3972 suspiciones
569 3890 690 3956 detulit.
739 3893 806 3954 Hic
830 3892 927 3972 igitur
950 3890 991 3952 ab
1016 3888 1187 3969 Aeschylo
1212 3890 1336 3950 nonde

251 4086 272 4152 1)
291 4087 400 4151 Egregie
417 4088 492 4152 igitur
510 4089 608 4137 videtur
625 4089 651 4135 in
669 4087 786 4136 carminis
803 4086 951 4136 sententiam
968 4085 1090 4148 quadrare
1100 4085 1336 4149 coniectura,qua1n

213 4178 345 4226 Wecklein
363 4179 479 4228 medendi
499 4195 574 4228 causa
590 4178 670 4238 ollert,
687 4178 846 4243 interpolavit
864 4178 932 4226 enim
949 4184 1005 4241 post
1017 4193 1040 4226 v.
1051 4177 1107 4240 962,
1127 4177 1168 4225 ubi
1179 4193 1242 4225 unus
1253 4194 1336 4226 versus

211 4269 375 4328 desideratur,
392 4270 468 4321 haec:
488 4274 559 4330 οἰῖιμιι
578 4269 704 4320 δ’ἕοινοέν
722 4269 792 4326 ἄκος.

249 4361 273 4427 2)
292 4363 382 4427 Agant.
403 4363 574 4431 1281-1283‚
593 4365 659 4412 Pers.
677 4362 819 4427 697—699.
