3106 4822
775 253 814 332 58

230 442 362 528 quando
396 442 437 505 ab
470 442 549 503 Iove
583 437 717 522 repetet.
753 438 835 503 Inde
870 437 950 501 illud
984 442 1148 517 μνήμονες.
1190 437 1219 520 Ι)
1266 436 1352 503 Cum

231 559 329 640 igitur
363 555 552 638 imprecatio
588 556 715 633 Κρόνου
748 553 837 618 Iovis
861 562 982 617 sortem
1003 553 1255 638 quodammodo
1279 552 1354 617 defi·

231 673 297 734 nire
332 670 459 747 debeat,
496 677 629 731 eatenus
654 667 717 730 dici
741 669 846 750 possit
868 688 940 731 eam
964 666 1105 751 ἀνάγκης
1128 668 1352 748 οἶοικοστρόφον

230 805 314 861 esse,
348 783 405 846 sed
441 801 552 846 revera
582 781 653 863 ipsa
677 789 824 863 estpars
848 784 903 858 τῆς
926 780 1078 862 οἷνοὶγκης,
1102 801 1202 864 quam
1226 782 1352 860 Μοῖραι

231 897 413 980 gubernant
438 896 479 978 2).
514 894 581 958 Sed
605 916 646 958 ne
670 895 874 978 sicquidem
898 895 1034 975 Μοιρῶν
1058 903 1203 977 potestas
1227 896 1354 976 integra

231 1011 350 1086 evadit,
385 1031 461 1073 nam
496 1009 711 1073 Prometheus
746 1009 813 1072 vim
848 1008 936 1071 illius
974 1007 1063 1089 ἀρᾶς,
1097 1009 1118 1072 i.
1142 1029 1171 1071 e.
1203 1008 1352 1088 Μοιρῶν,

230 1125 344 1189 tollere
378 1133 495 1207 potest,
532 1132 568 1187 ut
604 1124 672 1205 ipse
707 1123 785 1186 dicit
820 1144 872 1186 vv.
907 1139 1083 1203 912-913
1120 1131 1154 1186 et
1176 1120 1352 1203 767-768

231 1240 317 1323 (vide
350 1239 411 1302 hos
445 1259 557 1303 versus
599 1259 631 1319 p.
670 1236 710 1318 56
745 1237 924 1320 laudatos).
976 1236 1102 1319 Quodsi
1137 1237 1238 1299 modo
1274 1238 1354 1307 Zade

231 1355 273 1437 (v.
289 1352 376 1437 261),
399 1352 500 1415 modo
526 1349 740 1416 Prometheus
766 1353 822 1430 τὴν
846 1354 959 1431 μοῖραν
983 1351 1025 1414 ad
1047 1350 1214 1415 arbitrium
1229 1360 1354 1415 mutare

231 1474 351 1548 potest,
386 1487 471 1548 quae
504 1465 638 1529 tandem
669 1466 738 1527 eius
771 1467 821 1527 vis
845 1474 956 1530 manet
978 1473 1035 1528 aut
1057 1486 1157 1548 quam
1181 1467 1247 1528 vim
1272 1466 1353 1529 Pro·

234 1580 355 1644 methei
379 1582 487 1646 verbis
513 1582 555 1664 (v.
582 1582 656 1663 518)
679 1581 885 1645 tribuendam
909 1602 981 1645 esse
1004 1581 1214 1663 putabimus?

278 1696 356 1757 Non
391 1704 441 1758 est
474 1697 573 1778 igitur
603 1716 661 1757 cur
690 1704 844 1777 putemus
868 1697 1002 1775 Μοῖραν
1026 1694 1079 1758 vel
1103 1693 1233 1776 Μοίρας
1256 1715 1355 1777 supra

233 1810 347 1874 Iovem
378 1831 461 1888 esse,
492 1810 579 1873 hunc
609 1819 719 1874 autem
743 1831 855 1874 earum
880 1812 1070 1874 ministrum.
1110 1811 1221 1875 Unum
1244 1819 1353 1873 tamen

233 1945 299 1986 non
335 1945 507 2006 negamus.
543 1924 650 2008 Supra
681 1926 724 2008 (p.
752 1926 803 2009 51)
836 1926 900 1989 iam
933 1927 1121 1989 monuimus
1152 1926 1185 1988 in
1208 1924 1354 1988 Eumeni·

233 2037 323 2101 dibus
353 2047 384 2103 et
413 2039 595 2102 Prometheo
625 2060 693 2102 rem
717 2061 782 2102 non
805 2047 873 2102 tam
898 2040 981 2103 inter
1004 2039 1153 2105 homines
1176 2040 1229 2121 agi
1255 2058 1352 2122 quam

233 2154 314 2216 inter
349 2154 439 2216 deos.
487 2154 657 2216 Praeterea
690 2153 723 2214 in
758 2162 896 2236 utraque
930 2151 992 2215 hac
1015 2153 1185 2235 tragoedia
1207 2153 1355 2235 priorum

233 2269 371 2330 deorum
396 2267 518 2330 mentio
542 2250 601 2343 fit?
611 2268 769 2349 quodque
792 2276 824 2330 et
848 2269 879 2329 in
902 2266 1129 2330 Eumem'dibus
1140 2277 1173 2330 et
1184 2268 1216 2329 in
1228 2267 1354 2330 Prome-

233 2381 300 2444 theo
334 2381 377 2442 dii
413 2378 579 2462 Olympici
614 2377 677 2441 νέοι
712 2382 782 2442 θεοὶ
816 2381 1031 2464 appellantur,
1064 2380 1182 2458 eodem
1204 2382 1354 2462 pertinet.

234 2494 301 2576 Qui
335 2495 459 2576 antiqui
494 2496 550 2573 dii,
586 2495 612 2557 si
647 2483 689 2557 de
724 2495 821 2557 rebus
854 2494 1006 2558 humanis
1040 2516 1149 2558 sermo
1173 2504 1231 2572 est,
1256 2495 1353 2559 deleti

232 2606 444 2690 perhibentur
467 2609 509 2693 3),
546 2610 638 2691 quasi
672 2608 860 2692 Aeschylus
884 2610 992 2673 dicere
1014 2609 1128 2674 vellet:
1155 2631 1208 2692 qu
1222 2611 1276 2673 od
1301 2610 1354 2672 ad

232 2721 464 2800 homines,
488 2721 854 2806 nonantiquior
878 2723 1356 2805 deusestnequesuit

233 2857 365 2918 quam
396 2839 527 2915 Ζειίς,
558 2836 637 2899 sed
666 2837 704 2898 si
735 2857 808 2899 res
839 2836 1066 2899 humanas
1098 2837 1356 2920 paulisper

234 2951 404 3012 missas
435 2950 670 3013 faciamus
700 2949 948 3013 etdesolo
973 2950 1355 3015 numinedivino

233 3064 458 3143 cogitare
490 3065 789 3147 incipiamus,
813 3065 1008 3128 videtur
1031 3065 1143 3129 olim
1167 3074 1355 3147 tempus

233 3176 394 3254 fuisse,
419 3198 518 3240 cum
542 3177 983 3261 ipseZadenondum
1007 3173 1210 3256 exstaret,
1235 3179 1356 3241 itaut

233 3311 290 3368 ea,
314 3311 421 3372 quae
444 3300 541 3355 ante
564 3292 707 3355 Iovem
731 3293 915 3370 fuerunt,
938 3292 1048 3356 haud
1072 3312 1282 3376 quaquam
1305 3313 1356 3354 ex

233 3407 324 3469 eius
347 3413 566 3487 potestate
588 3407 832 3489 penderent.
854 3405 1005 3469 Omnia
1029 3408 1163 3489 igitur
1181 3404 1356 3488 eaquae

270 3606 291 3674 1)
309 3607 376 3657 Vide
395 3607 515 3669 Klausen,
534 3606 624 3656 Theol.
642 3607 763 3671 Aeschyli
780 3613 852 3670 trag„
870 3623 896 3672 p.
913 3619 955 3667 41.

267 3700 291 3767 2)
318 3701 375 3749 Nisi
399 3701 503 3750 sortasse
528 3700 591 3749 haec
619 3699 671 3766 ἀρὰ
695 3700 736 3749 vel
758 3699 870 3767 Ἐρινὺς
892 3700 969 3765 patris
986 3698 1054 3748 Iovis
1071 3713 1147 3747 unum
1164 3713 1196 3746 ex
1212 3696 1356 3745 Promethei

233 3793 371 3844 mendaciis
398 3799 442 3856 est,
469 3809 519 3857 quo
546 3809 665 3842 concesso
691 3793 767 3842 etiam
793 3793 858 3841 illud
883 3795 1017 3856 μνήμονες
1043 3789 1068 3838 τ’
1093 3789 1215 3857 Ἐρινύες
1240 3805 1309 3838 mera
1333 3794 1357 3838 et

233 3883 317 3932 inania
333 3884 409 3933 verba
426 3891 489 3934 sunt.
507 3883 630 3952 Ἐρινύες
648 3885 715 3933 enim
733 3885 802 3948 ipsae
819 3883 994 3947 dicuntEum.
1004 3895 1153 3947 339-340:
1172 3882 1356 3946 γιγνομέναισι

234 3974 306 4041 λάχη
323 3974 393 4024 τάδε
413 3976 452 4034 ἐφ’
470 3960 535 4035 ἇμιν
553 3975 688 4043 ἐκράνθη,
708 3975 902 4025 ἀθανάτων
920 3973 954 4022 δ’
974 3975 1122 4041 ἀπέχειν
1140 3957 1256 4041 χὲρινς.

267 4065 292 4128 3)
319 4066 385 4116 Vide
416 4069 508 4132 Agam.
544 4068 684 4132 156-160,
716 4068 749 4116 ad
775 4083 838 4131 quos
863 4082 949 4116 versus
977 4067 1108 4116 Wecklein
1128 4067 1251 4117 ¹annotat:
1286 4065 1357 4125 „Der

234 4156 340 4204 Dichter
365 4159 449 4207 deutet
474 4158 551 4207 damit
576 4159 644 4208 wohl
661 4175 701 4217 an,
719 4159 776 4207 dass
794 4160 838 4208 der
857 4158 960 4223 Mythus
977 4174 1027 4207 von
1044 4158 1145 4207 Uranus
1164 4156 1280 4206 ziemlich
1298 4173 1356 4206 ver·

233 4249 311 4298 blasst
329 4249 380 4297 und
397 4250 553 4298 verschollen
571 4250 649 4298 war.''
666 4277 700 4287 —
718 4250 783 4299 ltem
801 4250 892 4298 chorus
909 4250 935 4298 in
953 4251 1040 4298 Prom.
1058 4267 1082 4298 v.
1102 4258 1148 4313 152
1166 4248 1240 4299 dicit:

534 4341 568 4389 τὰ
586 4343 651 4409 πρὶν
668 4341 701 4390 δὲ
717 4341 835 4411 πελώριον
855 4345 903 4391 νῦν
922 4341 1015 4391 ἀιστοῖ.
