3106 4822
307 445 413 510 Ρνιιια.
439 446 586 526 88-95:

441 549 465 618 ὦ
489 556 554 630 δῖος
578 563 677 641 αι’ίλὴρ
701 563 753 620 καί
779 561 969 642 ταχιίπτεροι
994 561 1100 638 πνοαί,

444 675 596 754 ποταμῶν
620 697 652 735 τε
678 676 787 755 πηγαί,
812 676 950 740 ποντίων
975 699 1007 736 τε
1033 678 1180 754 κυμάτων

441 787 616 872 ἀνήριθμον
639 787 791 869 γέλασμα,
817 794 984 872 παμμῆτόρ
1008 812 1040 850 τε
1064 794 1114 868 μῆ,

442 906 494 963 καί
517 907 571 969 τόν
595 908 767 986 πανόπτην
792 903 906 970 κιίκλον
931 903 1020 986 ἡλίου
1045 901 1143 965 καλῶ·

440 1013 549 1079 ἴδεσθέ
570 1017 602 1096 μ’
626 1014 676 1079 οἷα
700 1021 777 1100 πρό,Ι
801 1024 884 1083 θεῶν
909 1022 1024 1100 πάσχω
1048 1022 1131 1090 θεὸς.

441 1127 593 1212 δέρχθηθ’
618 1132 698 1203 οἵαις
727 1134 876 1196 αι’κίαισιν

441 1244 678 1326 διακναιόμενος
701 1249 754 1310 τόν
778 1252 908 1327 μυριετῆ

440 1362 548 1440 χρόνον
572 1356 731 1422 (intritum.
764 1361 791 1441 1)

313 1470 446 1553 Choeplzi
471 1473 665 1554 703-706:

441 1576 465 1645 ὦ
490 1590 605 1650 πότνια
630 1586 718 1669 χθὼν
744 1588 796 1646 καί
821 1585 927 1650 πότνι’
951 1585 1032 1664 άκτη

441 1701 596 1780 χώματος,
620 1702 638 1778 ἠ
663 1709 720 1764 νυν
745 1699 797 1760 ἐπί
821 1703 969 1781 ναυάρχῳ

441 1817 562 1895 σάματι
587 1820 685 1875 κεῖσαι
711 1819 757 1894 τόν
779 1812 940 1898 βασιλείῳ,

439 1934 495 1992 νυν
520 1929 707 2006 ἐπάκουσον,
730 1935 786 1993 νῦν
809 1927 974 2010 ἐπάρηξον.
1002 1929 1033 2009 2)

307 2041 335 2102 F
337 2060 440 2123 ragm.
465 2042 606 2124 denique
625 2041 802 2104 Heliadum
820 2043 864 2124 (in
880 2042 956 2104 edit.
971 2041 1090 2104 Nauck
1103 2042 1141 2103 sr.
1156 2061 1207 2119 70,
1220 2060 1297 2121 pag.
1312 2041 1382 2121 24)·.

374 2157 453 2227 Ζειίς
476 2157 560 2218 ἐστιν
585 2157 694 2235 αίθηρ,
718 2157 798 2225 Ζευς
821 2151 854 2215 δὲ
877 2160 926 2233 μῆ,
951 2156 1031 2225 Ζευς
1054 2151 1083 2214 δ’
1107 2151 1248 2235 οὐρανός,

373 2270 454 2338 Ζειί;
477 2291 525 2329 τοι
550 2270 592 2329 τά
616 2273 727 2332 πάντα
751 2266 827 2349 χῶτι
854 2265 948 2333 τῶνδ’
974 2267 1153 2349 ὑπέρτερον.

308 2393 386 2455 Ηοε
421 2403 588 2475 postremo
624 2394 697 2456 loco
733 2396 833 2475 αἰθὴρ
856 2379 897 2456 ἐί
926 2398 976 2472 νῆ,
1008 2415 1092 2476 quae
1116 2393 1280 2475 prioribus
1305 2393 1383 2454 locis

263 2508 328 2569 iam
351 2517 507 2589 tanquam
530 2527 689 2588 personae
710 2508 937 2589 implorantur,
950 2509 1051 2569 immo
1064 2517 1134 2570 tota
1148 2526 1255 2570 rerum
1269 2516 1384 2569 natura

263 2624 343 2692 Ζευς
375 2622 569 2704 appellatur.
619 2623 770 2704 Rogatur
811 2623 920 2703 igitur,
962 2624 1133 2704 possintne
1168 2621 1249 2684 haec
1283 2622 1382 2684 verba

262 2738 462 2819 pronuntiari
499 2738 540 2800 ab
575 2758 624 2814 eu,
656 2739 708 2799 cui
742 2738 821 2800 deus
851 2747 901 2800 est
924 2757 1008 2799 unus
1030 2746 1129 2818 atque
1152 2757 1306 2818 persona,
1327 2745 1385 2798 aut

262 2853 286 2913 si
311 2851 373 2913 hoc
398 2853 514 2928 minus,
539 2872 558 2912 a
582 2871 726 2933 quonam
751 2851 838 2913 alio?

308 2965 400 3026 Haec
441 2965 540 3027 verba
580 2986 639 3047 per
680 2986 715 3027 se
755 2974 899 3047 spectata
941 2966 1041 3028 videri
1077 2966 1202 3046 possint
1240 2972 1381 3026 mentem

209 3152 211 3155 v
262 3077 446 3157 exprimere
479 3097 607 3152 eorum,
643 3078 698 3158 qui
734 3078 937 3139 contendunt
966 3078 1064 3139 deum
1097 3076 1176 3138 nihil
1200 3076 1288 3138 aliud
1312 3096 1383 3137 esse

262 3190 322 3251 nisi
346 3190 525 3266 materiam,
551 3198 586 3251 ut
608 3188 752 3264 aethera,
776 3198 907 3267 terram,
933 3189 1071 3267 caelum,
1096 3191 1206 3252 omnia
1230 3190 1381 3271 denique,

262 3323 346 3385 quae
369 3305 517 3366 sensibus
541 3305 673 3381 exteris
696 3306 853 3386 imprimis
877 3306 991 3383 oeuliS,
1015 3306 1135 3387 percipi
1153 3305 1288 3387 possint.
1315 3302 1381 3384 Qui

261 3418 361 3480 deum
384 3438 557 3499 personam
583 3439 654 3480 esse
678 3428 808 3500 negant.
833 3420 880 3481 At
902 3418 1111 3501 Aeschylum
1134 3421 1184 3503 (ut
1207 3419 1383 3501 plerosque

261 3532 486 3614 Graecorum),
528 3533 560 3594 in
604 3534 715 3595 omnia
749 3533 812 3595 alia
854 3534 900 3595 ire
935 3534 967 3594 in
1002 3535 1072 3595 eius
1108 3533 1224 3595 sabulis
1260 3533 1383 3614 ubique

261 3650 427 3730 probatur,
464 3668 537 3709 nam
574 3645 764 3728 Aeschylus
800 3646 936 3708 credidit
968 3647 1065 3708 deum
1089 3655 1194 3708 totum
1221 3646 1381 3708 mundum

261 3766 443 3846 gubernare
460 3763 641 3825 secundum
666 3762 757 3844 leges
780 3775 943 3823 summam
967 3762 1156 3842 potentiam,
1180 3760 1381 3842 sapientiam,

260 3876 452 3954 bonitatem,
487 3879 643 3939 iustitiam
677 3883 842 3950 testantes
873 3874 905 3935 id
937 3874 1026 3954 quod
1057 3875 1087 3934 in
1113 3873 1379 3935 materialismum

261 3990 366 4071 (venia
389 3992 430 4053 sit
453 3989 566 4071 verbo)
601 3990 734 4050 minime
757 3986 906 4069 quadrat,
939 3987 1059 4068 quippe
1083 3987 1138 4068 qui
1162 3986 1228 4048 sato
1253 3995 1379 4049 tantum

264 4151 455 4158 ’-

297 4234 319 4299 1)
332 4235 387 4287 cn.
406 4236 492 4283 From.
514 4248 685 4298 1092—1094.

295 4326 319 4392 2)
337 4328 401 4376 Vide
421 4327 525 4391 Clzot'plae.
546 4326 685 4390 527-528.
