3106 4822
779 289 796 341 2

220 465 281 530 bus
322 465 472 530 homines
514 468 601 530 diem
642 465 754 529 salutis
797 467 861 537 iarn
897 469 1214 550 appropinquantem
1251 471 1343 552 quasi
1405 525 1408 531 .

219 583 468 664 praesagiebant
496 583 535 664 1),
560 604 635 645 curn
659 581 891 658 Athenienses
910 603 1000 645 aram
1014 593 1193 646 statuerant
1205 578 1343 667 „Ignoto

151 733 153 737 -
220 692 327 772 De0‚''
361 696 497 776 perinde
531 717 569 758 ac
600 697 625 757 si
656 695 697 756 de
727 695 790 756 diis
814 694 840 757 a¹
856 693 1002 776 patribus
1026 698 1166 779 acceptis
1191 697 1340 779 despera-

219 818 305 887 rent;
329 829 404 871 cum
429 807 596 890 Vergilius
620 807 711 870 illam
734 805 988 890 pulcherrimam
1013 808 1174 891 eclogam,
1192 820 1340 892 quartam
1385 813 1388 817 ’

218 922 303 998 dic0,
327 923 455 1004 scripsit
480 920 513 1006 2)
539 959 578 967 —
603 920 654 982 his
678 920 778 1003 igitur
800 923 1002 1004 temporibus
1014 925 1159 1005 exceptis
1172 943 1341 1005 nunquam

219 1035 334 1099 Graeci
370 1036 473 1117 magis
509 1043 694 1123 'senserunt
713 1035 813 1097 deum
848 1035 991 1117 aliquem
1028 1057 1111 1114 esse,
1143 1037 1198 1118 qui
1232 1037 1341 1099 omnia

217 1150 423 1231 gubernaret,
448 1169 615 1231 nunquam
638 1148 741 1229 pietas
765 1169 843 1229 erga
866 1149 947 1211 deos
969 1151 1077 1230 magis
1101 1149 1219 1226 floruit,
1241 1172 1339 1232 quarn

217 1265 254 1325 iis
282 1263 497 1345 temporibus,
521 1283 597 1324 cum
624 1261 755 1324 Graecis
780 1271 848 1324 erat
871 1284 946 1325 cum
971 1263 1077 1326 Persis
1102 1265 1339 1341 dimicandum,

217 1377 347 1458 iamque
371 1378 403 1439 in
427 1397 466 1438 eo
491 1385 568 1449 erat,
584 1385 628 1440 ,ut
651 1377 754 1458 patria
777 1377 816 1437 iis
840 1378 1027 1460 eriperetur,
1052 1379 1113 1460 ipsi
1137 1388 1248 1441 autem
1262 1400 1338 1442 cum

217 1491 408 1553 mulieribus
443 1499 475 1552 et
509 1489 617 1552 liberis
641 1487 794 1552 servitute
817 1492 1087 1573 opprimerentur,
1114 1493 1172 1554 nisi
1199 1503 1338 1556 mortem

216 1602 293 1665 huic
329 1602 415 1672 malo
449 1603 657 1685 praeferrent.
707 1604 824 1685 Neque
861 1604 947 1666 unde
983 1602 1046 1666 hoc
1078 1605 1201 1668 sactum
1233 1606 1284 1682 sit,
1307 1607 1338 1668 in

216 1696 317 1779 dubio
352 1726 411 1779 est.
445 1716 664 1798 Temporibus
701 1717 787 1779 enirn
824 1717 887 1792 iis,
909 1715 1027 1799 quibus
1060 1716 1169 1781 multa
1185 1718 1339 1781 terribilia

216 1830 306 1907 fiunt,
342 1850 426 1912 quae
459 1829 608 1892 homines
642 1838 778 1912 angunt,
812 1830 878 1892 fere
913 1850 1028 1892 omnes
1062 1831 1103 1893 ad
1130 1831 1239 1893 Deum
1266 1851 1338 1913 per-

214 1945 327 2025 fugere
360 1953 393 2008 et
427 1945 469 2006 ab
504 1965 544 2006 eo
578 1943 716 2009 salutem
752 1952 862 2025 petere
892 1943 1008 2020 solent,
1034 1954 1120 2007 ute.
1145 1965 1193 2026 gr.
1219 1954 1338 2008 nautae

215 2077 335 2139 magna
367 2066 560 2138 tempestate
593 2070 706 2118 coorta
740 2058 771 2118 in
796 2065 946 2119 extremo
970 2058 1056 2119 vitae
1080 2058 1234 2138 periculo,
1260 2057 1337 2120 licet

215 2193 383 2256 nunquam
406 2181 502 2237 antea
525 2173 635 2234 Deum
659 2172 891 2249 invocaverint,
917 2172 977 2234 nisi
1001 2172 1336 2250 inexsecrationibus,

213 2286 245 2348 in
281 2287 355 2348 Deo
378 2287 507 2348 unicam
532 2306 623 2367 spem
647 2294 774 2367 ponunt
798 2284 1047 2367 humillimeque
1067 2286 1108 2347 ab
1133 2306 1172 2348 eo
1198 2287 1336 2348 salutem

211 2380 383 2482 precantur
408 2400 464 2481 3).
480 2399 588 2460 Huius
612 2407 721 2460 autem
745 2396 946 2461 Graecorum
970 2398 1003 2459 id
1026 2400 1183 2480 temporis
1206 2400 1334 2480 pietatis

211 2637 307 2702 scripsit
332 2637 441 2686 Retract.
463 2636 484 2696 I,
505 2648 548 2698 13:
574 2635 642 2695 „Res
659 2634 720 2698 ipsa,
737 2649 800 2697 quae
818 2649 884 2682 nunc
902 2634 989 2698 religio
1008 2633 1148 2697 Christiana
1167 2643 1334 2698 nuncupatur,

212 2736 264 2778 erat
290 2729 356 2793 apud
381 2727 514 2792 antiquos''
539 2733 613 2774 -et
636 2741 699 2790 quae
717 2731 856 2788 sequuntur.
892 2725 962 2773 Alias
980 2725 1104 2773 eiusmodi
1123 2725 1258 2773 sententias
1276 2726 1335 2774 vide

211 2822 330 2870 collectas
355 2821 387 2868 ab
406 2821 435 2869 E.
453 2836 477 2868 v.
496 2819 610 2876 Lasnulx,
628 2806 698 2865 Uber
714 2817 759 2864 das
778 2816 893 2886 Studium
911 2817 955 2865 der
973 2816 1155 2865 Griechischen
1174 2817 1225 2864 und
1245 2817 1335 2864 Rbmi-

211 2913 287 2961 schen
313 2912 490 2972 Alterthttmer‚
509 2910 644 2967 Mttnchen‚
669 2908 743 2968 1846.
758 2908 824 2956 Vide
841 2909 916 2957 etiam
934 2909 963 2958 E.
981 2907 1083 2972 Spiessii
1100 2908 1165 2972 logi
1184 2908 1338 2971 Spermatr'ci

213 3003 310 3068 (Leipz.
332 3001 403 3067 1871)
421 3001 587 3066 prooemium.

247 3093 270 3159 1)
287 3093 336 3143 crr.
357 3094 401 3142 Dr.
419 3093 442 3157 J.
460 3091 572 3154 Woltjer,
590 3092 692 3140 Pontius
710 3092 810 3150 Pilatus,
828 3092 995 3151 Amsterdam,
1016 3089 1088 3155 1888,
1105 3106 1130 3154 p.
1151 3101 1189 3154 15.

245 3184 270 3251 2)
288 3187 370 3235 Paene
388 3185 474 3234 divine
491 3190 564 3232 sonat
580 3200 603 3231 v.
615 3196 628 3246 7
640 3199 645 3232 :
655 3183 721 3241 „iam
733 3198 798 3230 nova
809 3182 943 3246 progenies
951 3169 1022 3230 caelo
1031 3163 1165 3230 dimittitur
1175 3180 1251 3231 alt0.''
1269 3180 1335 3228 Vide

135 3263 139 3268 Ι
211 3287 294 3329 tamen
319 3279 351 3327 de
377 3279 426 3326 hoc
451 3277 508 3326 loco
534 3275 678 3339 Vergiliano
697 3275 727 3323 Ε.
746 3275 846 3334 Mttller,
866 3275 1005 3322 Parallelen
1022 3290 1051 3322 zu
1069 3276 1118 3322 den
1136 3273 1334 3323 Messianischen

211 3372 410 3435 Weissagungen
428 3369 479 3417 und
497 3368 585 3432 Typen
603 3366 646 3416 des
664 3367 740 3415 Alten
758 3366 916 3414 Testaments
933 3381 977 3414 aus
993 3366 1053 3413 dem
1066 3365 1344 3424 HellenischenAlterg

209 3464 288 3521 thum,
306 3459 410 3525 Leipzig
428 3460 551 3520 Teubner,
572 3457 643 3522 1875,
662 3474 686 3522 p.
705 3459 812 3520 89-91,
829 3465 854 3505 et
873 3458 918 3506 Dr.
936 3457 960 3520 J.
979 3456 1093 3519 Woltjer,
1112 3456 1215 3504 Pontius
1233 3456 1334 3516 Pilatus,

211 3570 234 3618 p.
256 3552 361 3617 15-16.
935 3602 937 3606 ,

242 3643 267 3709 3)
294 3645 353 3692 Ηοο
379 3641 505 3706 Aeschylo
523 3655 574 3688 non
592 3638 704 3704 ignotum
721 3637 796 3686 fuisse
814 3644 916 3703 apparet
933 3653 964 3686 ex
983 3637 1055 3689 Pers.
1072 3638 1122 3704 ted.
1140 3639 1172 3686 Α.
1191 3637 1333 3699 Kirchhoff,

211 3732 302 3792 Berol,
322 3732 394 3794 1880)
413 3748 454 3783 vv.
472 3743 621 3795 493-499:
1217 3740 1219 3744 ⁸

711 3825 787 3872 νυκτὶ
805 3821 831 3868 rl‘
852 3824 880 3870 ἓν
899 3823 987 3887 ταύτῃ
1006 3823 1072 3878 θεὸς

476 3916 666 3983 χειμῶν’ἄωρον
683 3901 758 3983 ὦρσε,
777 3919 913 3980 πήγνυσιν
933 3913 964 3962 δὲ
983 3917 1039 3962 πᾶν

476 4010 591 4076 ῥέεθρον
609 4007 694 4072 ἁγνοῦ
712 4006 877 4075 Στρυμόνος·
897 4007 981 4063 θεοὺς
1000 4005 1032 4053 δι’
1051 4023 1091 4062 τις·

477 4102 505 4146 τὸ
523 4103 587 4166 πρὶν
608 4103 717 4161 νομίζων
734 4100 855 4159 οὐδαμοῦ
874 4099 929 4147 τότ’
950 4098 1047 4164 ηὔχετο

476 4189 584 4249 λιταῖσι,
605 4201 687 4255 γαῖαν
705 4192 818 4258 οὐρανόν
837 4209 867 4238 τε
887 4193 1047 4256 προσκυνῶν.

475 4283 534 4329 ἐπεὶ
552 4281 583 4328 δὲ
603 4281 691 4329 πολλὰ
713 4282 865 4332 θεοκλυτῶν
884 4283 1022 4330 trintum

474 4374 598 4440 στρατός,
617 4377 687 4441 περᾷ
707 4373 936 4440 κρυσταλλοπῆγα
957 4373 1005 4420 διὰ
1023 4373 1104 4438 πόρον
