3106 4822
738 272 799 334 126

261 468 362 529 Porro
387 462 489 526 Xerxi
514 463 702 543 imputatur,
727 460 816 541 quod
830 460 899 520 eius
913 458 1075 520 exereitus
1086 458 1180 538 signa
1193 456 1332 518 deorum

211 581 353 663 abripuit
375 578 562 660 templaque
585 577 729 639 incendit
751 580 792 653 (v.
818 572 1023 655 800—803):

368 693 399 752 οἳ
432 699 490 769 γην
525 687 676 769 μολόντες
708 685 844 750 Ἑλλάδ’
879 685 914 748 ου
949 692 1036 749 θεων
1061 686 1155 772 βρέτη

366 803 502 888 ηδοὺντο
525 800 625 866 συλάν
649 800 718 866 ο-όδεΙ
742 806 925 883 πιμπράναι
950 803 1037 874 νεὼς·

365 919 465 1003 βωμοὶ
489 914 634 994 δὀιιστοι,
659 913 820 996 δαιμόνων
846 917 912 1000 [θ’]
929 913 1088 996 ἱδρὺματα

366 1029 520 1112 πρόρριζα
542 1027 663 1111 φιλρδην
686 1027 943 1110 ἐξανέστραπται
967 1031 1113 1113 βάθρων.

256 1148 368 1229 Quam
401 1147 444 1209 ob
475 1167 543 1209 rem
567 1149 693 1222 ,,κακὼς
716 1143 892 1227 δράσαντες
915 1143 970 1204 ουκ
997 1139 1150 1207 ἐλάσσονα
1175 1144 1331 1224 πάσχουσι

214 1263 256 1346 (v.
277 1261 465 1345 804-805)
489 1281 670 1343 eorumque
682 1261 840 1324 cadavera
852 1269 1041 1323 coacervata
1053 1259 1180 1321 tertiam
1193 1265 1333 1320 aetatem

212 1378 310 1440 etiam
333 1375 453 1438 docent
476 1376 539 1458 (vv.
564 1374 771 1456 811—819)›:

345 1489 388 1560 ὠς
410 1487 466 1571 ουχ
490 1485 630 1568 ὑπέρφευ
654 1488 778 1568 θνητὸν
801 1489 885 1549 όντα
910 1489 966 1569 χρὴ
991 1491 1127 1568 φρονεῖν.

248 1637 250 1640 -
347 1589 435 1675 ὑβρις
457 1591 517 1671 γάρ
541 1587 709 1662 ἐξανθουσ’
735 1590 897 1672 ἐκάρπωσε
922 1593 1044 1671 στάχυν

346 1695 435 1772 ἄτης,
458 1690 536 1754 όθεν
560 1688 767 1767 πάγκλαυτον
790 1690 890 1773 ἐξαμᾷ
916 1691 1014 1774 θέρος.

346 1787 475 1854 τοιαῦθ’
499 1792 631 1871 όρὼντες
655 1789 753 1856 τῶνδε
779 1791 948 1872 τάπιτέμια

345 1890 501 1973 μέμνησθ’
523 1889 683 1973 Ἀθηνῶν
705 1889 864 1965 Ἑλλάδος
888 1915 933 1969 τε,
957 1889 1035 1973 μηδέ
1059 1915 1104 1962 τις

348 1993 586 2081 ὑπερφρονήσας
609 1994 662 2057 τόν
686 1997 832 2075 παρόντα
855 1992 988 2072 δαίμονα
1012 2026 1015 2031 ·

348 2090 456 2158 ἄλλων
480 2094 626 2176 έρασθελς
649 2091 743 2177 ὄλβου
768 2092 855 2178 ε’κχέη
877 2091 984 2173 μέγαν.

349 2199 428 2268 Ζεὺς
451 2218 499 2256 τοι
525 2192 681 2274 κολαστὴς
705 2200 768 2259 των
792 2193 1005 2276 ὑπερκόμπων
1028 2196 1112 2271 ἄγαν

349 2299 556 2383 φρονημάτων
579 2295 719 2374 ἔπεστιν,
744 2300 880 2367 εὔθυνος
903 2298 1010 2380 βαριλς.

259 2408 448 2492 Aeschylus
460 2410 559 2491 igitur
571 2410 694 2493 ubique
709 2411 934 2473 necessitatem
944 2410 1087 2474 dininam
1098 2405 1339 2492 (θεοβλάβειαν)

215 2533 324 2587 tuetur
354 2533 387 2585 et
420 2532 529 2585 tamen
553 2523 650 2585 docet
684 2521 807 2585 homini
830 2544 966 2586 suorum
990 2524 1152 2585 sactorum
1177 2523 1336 2584 rationem

216 2637 415 2700 reddendam
450 2657 532 2711 esse,
574 2637 665 2718 quasi
702 2615 781 2698 liber
827 2646 914 2699 esset
960 2637 992 2698 in
1039 2637 1179 2718 agendo,
1227 2634 1337 2716 Quam

217 2752 441 2814 necessitatem
476 2751 619 2813 divinam
655 2759 690 2813 et
723 2750 900 2812 humanam
934 2749 1114 2813 libertatem
1151 2751 1269 2812 mirum
1305 2750 1338 2810 in

217 2865 354 2927 modum
388 2865 470 2927 inter
493 2885 528 2926 se
552 2866 751 2947 coniungere
774 2864 900 2928 videtur
940 2864 1025 2926 Pers.
1051 2866 1236 2928 820—822.
1263 2863 1338 2925 Hoc

217 2976 290 3040 loco
315 2978 444 3041 Dareus
468 2979 561 3041 dicit:

395 3093 473 3172 πρός
496 3088 590 3154 σαντ’
615 3091 733 3155 ἐκεῖνον
757 3095 928 3172 σωφρονεῖν
953 3088 1130 3174 κεχρημένοι

395 3203 560 3268 πινιέσκετ’
584 3200 737 3280 εὐλόγοισι
762 3209 1011 3284 νουθετήμασιν,

394 3314 487 3396 ληξαι
512 3313 748 3402 θεοβλαβουνθ’
771 3320 963 3398 ὑπερκόμπῳ
986 3323 1108 3400 θράσει.

263 3431 349 3493 Nam
373 3432 448 3495 licet
471 3432 609 3495 verbum
632 3431 722 3513 quod
746 3441 795 3493 est
819 3428 910 3508 ληξαι
935 3452 994 3512 per
1017 3452 1052 3493 se
1065 3441 1248 3513 spectatum
1264 3452 1340 3506 non,

219 3553 255 3606 ut
289 3544 439 3608 Platnero
475 3545 613 3622 videtur,
653 3549 680 3622 1)
715 3545 757 3606 ad
792 3543 931 3607 liberum
967 3546 1140 3608 hominum
1171 3546 1341 3608 arbitrium

254 3781 276 3847 1)
293 3781 394 3830 Platner
419 3781 452 3829 de
478 3781 527 3829 hoc
552 3781 609 3829 loco
626 3781 713 3830 scribit
730 3784 816 3846 (opere
833 3781 901 3830 laud.
919 3797 945 3845 p.
964 3780 1088 3846 63-64):
1105 3783 1152 3842 „In
1171 3783 1222 3832 den
1239 3783 1343 3832 Persem

217 3881 312 3922 auszert
338 3872 438 3931 Darius,
456 3871 500 3921 der
518 3872 587 3920 Chor
604 3872 666 3921 solle
684 3872 762 3920 durch
780 3872 856 3922 weise
873 3872 1072 3938 Ermahnungen
1091 3874 1140 3924 den
1157 3875 1253 3924 Xerxes
1264 3875 1342 3924 dahin

218 3968 365 4035 vermiigen:
385 3963 466 4029 λῆζιιι
487 3963 692 4024 θεοβλαβοὺυτ’
712 3964 872 4032 ὑπερκόμπῳ
891 3964 1017 4031 θράσει.”
1036 3966 1111 4015 Nach
1129 3967 1173 4016 der
1182 3969 1343 4032 Aeusserung

218 4054 263 4103 der
287 4055 379 4102 Atossa
404 4055 448 4103 hat
472 4071 498 4104 er
516 4056 558 4105 die
577 4056 748 4121 Rathschlage
766 4057 906 4105 schlechter
924 4057 1063 4107 Menschen
1080 4058 1177 4124 beiolgt
1194 4058 1272 4125 (752).
1290 4059 1343 4107 Das

221 4145 299 4210 λῆξαι
322 4146 375 4195 salit
400 4148 446 4197 der
471 4126 723 4213 Selbstbestiinmung
749 4166 779 4198 zu
803 4150 854 4198 und
878 4166 906 4199 es
922 4150 990 4198 kann
1007 4151 1094 4214 daher,
1112 4167 1186 4200 wenn
1204 4150 1343 4214 Aeschylus

220 4238 289 4285 nicht
315 4238 368 4285 sich
393 4239 468 4287 selbst
496 4240 697 4305 widersprechen
721 4240 779 4303 soll,
797 4242 867 4290 nicht
884 4243 940 4291 eine
961 4243 1135 4302 θεοβλάβεια
1154 4244 1265 4308 gemeint
1281 4243 1343 4302 sein,

219 4329 314 4378 welche
332 4331 381 4377 den
400 4329 540 4379 Menschen
558 4331 710 4395 dergestallt
730 4332 775 4380 mit
792 4333 922 4382 Blindheit
939 4334 1037 4399 schlagt
1054 4336 1105 4383 und
1123 4336 1228 4396 bethdrt,
1246 4336 1304 4384 dass
1319 4352 1345 4384 er
