3106 4822
741 264 803 330 150

253 439 329 500 Non
366 438 473 499 minus
509 445 619 499 tuetur
653 435 826 517 supplices,
854 435 974 516 quibus
996 435 1022 496 si
1045 436 1120 516 quis
1144 455 1209 497 non
1234 455 1344 516 opem

209 552 281 628 lert,
307 553 386 622 Ζευς
410 551 599 632 gravissime
623 549 770 612 irascitur
793 549 917 630 (Suppl.
944 549 1041 632 333);

391 665 489 747 βαριῑς
511 686 545 738 γε
568 661 675 741 μέντοι
700 664 801 743 Ζηνὸς
826 662 941 723 ἱκεσίον
966 665 1065 739 κότος,

253 781 296 843 Et
321 778 433 860 b'uppl.
457 777 655 856 461-462:

388 893 471 970 όμιος
494 889 523 953 δ’
546 890 670 971 ἀνάγκη
693 891 794 970 Ζηνός
818 887 982 951 αἰδεῖσθαι
1008 894 1100 952 κότον

392 1007 525 1088 ἱκτῆρος·
551 1004 688 1079 ὕψιστος
712 1005 771 1083 γὰρ
795 1008 828 1064 ἐν
851 1006 974 1088 βροτοῖς
997 1005 1100 1089 σόβος.

256 1123 345 1186 Iovis
382 1124 525 1199 nomina,
549 1140 634 1204 quae
657 1122 699 1182 ad
723 1119 816 1212 hanc⁴
833 1141 900 1183 rem
925 1121 1097 1202 pertinent,
1121 1127 1198 1181 sunt
1223 1114 1345 1190 ίκὲσιος

189 1235 339 1319 '(Suppl.
377 1237 465 1318 333),
500 1235 589 1313 lucrio
614 1233 669 1315 (ib.
693 1233 783 1316 462),
808 1233 906 1312 ῗκτωρ
931 1232 1032 1317 (625),
1056 1230 1200 1311 ἀφίκτωρ
1223 1233 1267 1312 (ν.
1298 1231 1345 1314 1),

217 1352 339 1422 ἱκταῖος
363 1347 471 1432 (370);
497 1358 528 1412 et
552 1347 715 1429 supplices
739 1356 898 1410 vocantur
923 1347 1023 1407 ἱκέται
1048 1349 1123 1418 Διὸς
1147 1346 1192 1430 (ν.
1215 1344 1306 1430 617).

259 1462 387 1543 Quodsi
406 1461 557 1523 homines
568 1481 726 1543 prospera
738 1470 873 1524 utuntur
885 1461 1013 1524 sortuna
1024 1471 1082 1524 aut
1094 1460 1179 1524 mala
1191 1461 1341 1545 quadam

215 1575 408 1638 condicione
443 1574 629 1652 liberantur,
665 1574 728 1637 hoc
759 1575 820 1637 soli
852 1575 914 1637 deo
938 1575 1069 1638 debent.
1115 1575 1231 1657 Itaque
1253 1575 1343 1638 deus

214 1692 362 1751 omnium
387 1688 561 1765 bonorum,
587 1689 705 1771 quibus
728 1688 878 1753 homines
901 1689 1062 1767 fruuntur,
1085 1698 1135 1752 est
1154 1688 1226 1751 sons
1238 1697 1344 1770 atque

215 1812 340 1868 auctor.
366 1803 404 1865 ln
427 1803 477 1865 his
500 1804 598 1885 igitur
622 1802 717 1865 bonis
740 1803 915 1885 largiendis
937 1803 989 1866 dei
1012 1802 1192 1884 Aeschylei
1208 1800 1344 1866 bonitas

215 1918 322 1999 posita
357 1924 414 1990 est.
461 1915 496 1977 Si
531 1925 641 1979 autem
672 1937 876 1998 quaeremus,
908 1917 1014 1999 qualis
1045 1917 1124 1980 haec
1146 1916 1275 1979 bonitas
1298 1917 1344 1980 sit

215 2030 444 2112 intellegenda,
479 2031 637 2093 memoria
671 2031 849 2094 tenendum
885 2033 958 2106 erit,
994 2031 1109 2094 Iovem
1144 2039 1269 2112 patrem
1305 2039 1345 2096 et
1392 2095 1396 2102 ,

216 2164 333 2224 regem
352 2144 524 2207 hominum
548 2143 704 2226 appellari
733 2144 773 2225 1).
798 2144 852 2206 Ex
874 2145 975 2225 patris
997 2146 1083 2206 enim
1101 2145 1233 2206 nomine
1253 2141 1344 2205 effici

215 2277 312 2338 posse
336 2257 464 2320 videtur
487 2257 574 2320 Iovis
598 2257 774 2320 bonitatem
801 2278 866 2320 non
890 2259 931 2320 ab
956 2259 1088 2322 caritate
1100 2256 1343 2337 seiungendam

217 2391 298 2446 esse,
323 2371 364 2431 ad
389 2372 474 2451 regis
497 2391 617 2433 nomen
641 2379 766 2452 spectat
790 2372 877 2434 Iovis
902 2372 1121 2435 mansuetudo
1144 2381 1176 2435 et
1196 2370 1345 2433 benevo-

217 2484 326 2548 lentia.
352 2481 437 2546 Cum
461 2493 571 2556 autem
595 2483 767 2546 hominum
791 2482 994 2546 Graecorum
1011 2484 1120 2565 (etiam
1134 2483 1343 2566 Aeschyleo·

217 2597 303 2679 rum)
324 2597 439 2678 religio
459 2599 564 2679 magis
585 2619 627 2659 ex
641 2599 778 2660 deorum
792 2607 881 2660 metu
895 2597 1105 2681 humanaque
1117 2600 1226 2682 inopia
1239 2619 1343 2682 quam

217 2734 260 2775 ex
284 2713 421 2775 deorum
446 2733 558 2775 amore
580 2713 620 2775 sit
639 2713 825 2789 derivanda,
844 2713 997 2775 nimirum
1017 2715 1078 2777 ista
1091 2714 1201 2777 divina
1212 2713 1345 2778 bonitas

216 2827 328 2908 potius
351 2826 393 2888 ad
417 2826 676 2889 benevolentiam
700 2847 800 2908 quam
823 2826 864 2889 ad
888 2827 1055 2891 caritatem
1080 2826 1245 2890 reserenda
1268 2830 1343 2894 erit.

262 2940 420 3003 Attamen
443 2961 487 3002 ex
509 2940 623 3021 paucis
647 2937 727 3002 locis
749 2940 821 3002 elici
842 2961 941 3022 posse
961 2941 1091 3005 videtur
1104 2945 1203 3006 etiam
1216 2942 1344 3006 malum

218 3053 270 3115 vel
292 3053 402 3139 potius
426 3053 662 3134 malignitatem
686 3054 728 3116 ad
753 3055 833 3118 deos
853 3056 974 3119 referri.
1000 3055 1065 3119 Hic
1077 3077 1143 3119 non
1155 3058 1345 3139 cogitamus

218 3166 259 3227 de
294 3165 346 3226 dei
383 3165 506 3240 frande,
539 3186 638 3247 quam
663 3187 732 3229 rem
756 3168 787 3229 in
811 3169 917 3249 capite
941 3168 980 3230 de
1004 3167 1056 3232 dei
1081 3169 1249 3258 sanctitate
1272 3190 1348 3252 pers

218 3289 389 3344 tractatam
413 3280 514 3342 habes
533 3282 575 3361 2).
611 3279 678 3343 Sed
705 3282 805 3358 Mam,
830 3284 884 3364 qui
908 3304 1038 3365 semper
1061 3283 1206 3347 humano
1230 3288 1344 3366 generi

221 3393 373 3455 inimicus
397 3392 536 3469 videtur,
561 3401 596 3455 ut
618 3404 753 3474 apparet
776 3415 819 3456 ex
843 3394 922 3476 Sept.
948 3395 1027 3459 226:

398 3509 504 3585 τούτῳ
527 3506 587 3586 γὰρ
607 3504 704 3587 ’Ἁρης
727 3507 886 3589 βόσκεται,
910 3512 996 3589 ᾳόνῳ
1019 3511 1151 3593 βροτῶν,

219 3623 335 3683 dicitur
359 3619 443 3700 Sept.
469 3619 643 3700 326-327
667 3622 821 3702 pietatem
845 3622 984 3685 violare:

441 3739 632 3814 μαινόμενος
655 3733 681 3796 δ’
707 3736 839 3796 ἐπιπνεῖ
860 3731 1022 3815 λαοδάμας

441 3848 576 3928 μιαίνων
602 3846 762 3932 εὐσέβειαν
785 3848 891 3930 ’Ἀρης

257 4033 279 4098 ι)
297 4035 363 4084 Vide
380 4052 405 4100 p.
424 4049 531 4098 24-27.

255 4125 281 4189 2)
306 4127 354 4174 Dei
381 4128 537 4177 sanctitatem
562 4128 649 4176 divina
674 4128 829 4194 malignitate
855 4145 973 4178 concessa
996 4130 1120 4194 integram
1143 4130 1248 4179 evadere
1267 4145 1344 4180 nemo

220 4219 362 4278 contendet,
381 4236 436 4267 cum
454 4221 516 4269 haec
535 4222 589 4285 ipsa
607 4221 725 4269 sanctitas
743 4221 785 4269 dei
804 4221 940 4271 bonitatem
958 4221 1075 4287 postulet,
1091 4222 1132 4270 ita.
1143 4228 1170 4270 ut
1187 4222 1240 4270 eius
1250 4223 1344 4271 sancti·

183 4363 184 4367 ,
219 4317 269 4363 tate
287 4325 405 4365 concessa
421 4312 494 4365 etiam
512 4312 565 4363 eius
582 4312 682 4370 bonitas
701 4313 859 4370 concedatur,
