3106 4822
830 268 892 334 Ι54

298 461 369 502 esse
399 441 543 522 agnovit,
567 441 676 521 itaque
699 443 787 522 apud
812 438 1017 522 Aeschylum
1041 439 1123 501 deus
1148 437 1243 501 nobis
1267 442 1438 518 occurrit,

299 555 354 635 qui
390 553 500 616 multis
533 552 679 635 partibus
708 573 784 615 cum
809 573 875 616 uno
899 573 978 615 vero
1003 552 1078 615 Deo
1101 553 1281 634 comparari
1306 555 1437 635 possit.

300 666 400 748 Quod
423 676 533 730 autem
558 674 655 748 poeta
679 667 765 730 hunc
788 667 887 730 deum
910 666 1164 750 gubernatorem
1188 667 1301 729 mundi
1323 676 1438 750 atque

298 781 431 844 humani
467 782 594 863 generis
628 801 699 844 esse
733 783 855 858 statuit,
884 781 1054 863 permagni
1078 789 1127 843 est
1150 781 1321 855 momenti,
1346 801 1437 844 narn

299 896 344 957 sic
379 894 445 957 fieri
481 915 547 957 non
580 896 697 977 potuit,
733 895 811 976 quin
847 892 1035 976 Aeschylus
1057 894 1242 975 praeclarus
1266 894 1438 958 existeret

299 1011 455 1091 magister
489 1017 521 1071 et
551 1008 708 1071 educator
736 1009 884 1070 omnium
908 1027 1036 1084 eorum,
1060 1009 1116 1089 qui
1140 1008 1210 1070 eius
1233 1009 1435 1090 tragoedias
1476 1009 1479 1013 ’

299 1122 477 1186 noscebant
507 1133 606 1206 atque
635 1123 799 1186 amabant.
825 1123 868 1185 Et
891 1143 959 1205 quo
984 1122 1085 1185 modo
1109 1121 1299 1203 Aeschylus
1324 1143 1434 1185 suum

298 1237 460 1319 populum
483 1237 651 1301 educavit!
678 1236 828 1299 Docebat
851 1237 938 1299 enim
962 1256 1077 1298 omnes
1101 1235 1250 1298 homines
1272 1256 1434 1318 peccare,

299 1351 360 1413 nisi
384 1351 423 1412 iis
445 1370 552 1432 poena
574 1358 631 1412 aut
654 1357 761 1412 metus
785 1358 859 1412 ante
883 1350 997 1412 oculos
1020 1358 1202 1431 poneretur·
1225 1349 1265 1432 1).
1310 1349 1434 1412 Huius

299 1473 409 1527 autem
453 1472 559 1526 metus
602 1483 731 1545 semper
766 1462 847 1525 deus
882 1472 932 1526 est
966 1453 1090 1539 auctor,
1127 1483 1202 1525 nam
1223 1462 1319 1527 deus
1353 1463 1434 1544 ipse

299 1578 393 1659 punit
427 1577 594 1658 improbos
630 1597 734 1658 usque
768 1577 801 1639 in
837 1577 908 1658 ipso
942 1575 1079 1638 Tartaro
1093 1580 1134 1653 2),
1165 1585 1197 1639 et
1221 1577 1247 1638 si
1271 1576 1432 1643 homines

299 1691 454 1772 puniendi
479 1698 676 1772 potestatem
700 1689 830 1764 habent,
854 1709 927 1752 eam
951 1689 1072 1752 habent
1091 1688 1195 1751 adeo
1221 1688 1432 1769 Quinetiam

300 1805 406 1866 omnis
429 1803 602 1866 hominum
624 1799 778 1886 potestne,
798 1805 857 1878 ius,
870 1805 1056 1880 auctoritas
1070 1812 1105 1866 ut
1116 1812 1261 1885 potestas
1275 1803 1365 1884 regia
1381 1801 1431 1884 3),

300 1917 467 1980 iudiciaria
489 1916 535 2000 4),
559 1917 664 1999 patria
691 1916 720 1998 5)
743 1917 784 1979 ab
808 1916 871 1979 deo
895 1918 933 1978 iis
956 1917 1031 1979 data
1055 1926 1113 1991 est,
1137 1919 1180 1979 ita
1204 1925 1240 1979 ut
1262 1915 1430 1993 homineS,

300 2033 326 2093 si
350 2039 462 2093 contra
492 2030 575 2093 hanc
598 2028 777 2093 humanam
801 2039 996 2112 potestatem
1019 2039 1166 2112 peccant,
1190 2033 1297 2112 ipsum
1322 2027 1430 2093 deum

300 2154 488 2208 aversentur
511 2145 609 2226 inque
633 2144 809 2225 impiorum
833 2164 971 2206 numero
994 2143 1135 2206 habendi
1159 2146 1222 2207 sint
1244 2143 1288 2227 6).
1312 2142 1429 2223 Quam

300 2259 508 2322 vehementer
542 2266 651 2320 autem
686 2257 785 2318 deus)
799 2257 955 2338 impietati
980 2258 1145 2321 irascitur!
1171 2258 1206 2340 7)
1242 2257 1353 2338 Quam
1377 2257 1429 2320 ob
1502 2300 1505 2305 -

301 2393 369 2434 rem
393 2372 484 2454 impii
508 2370 658 2436 homines
682 2370 860 2433 stultissimi
886 2380 961 2432 sunt
973 2369 1122 2448 habendi,
1136 2372 1155 2432 ii
1168 2379 1289 2445 autem,
1300 2369 1429 2452 quibus

300 2487 402 2568 pietas
425 2506 505 2568 erga
529 2485 628 2547 deum
653 2484 744 2546 cordi
768 2492 826 2560 est,
851 2504 928 2547 vere
947 2486 1109 2566 sapientes
1132 2495 1208 2547 sunt
1228 2486 1270 2568 8).
1294 2483 1429 2564 Quodsi

301 2602 352 2663 cui
387 2600 467 2682 quid
503 2599 638 2663 feliciter
672 2600 837 2676 successit,
861 2609 916 2662 aut
941 2602 967 2662 si
994 2600 1111 2662 morbo
1134 2601 1246 2663 aliisve
1269 2599 1429 2682 periculis

301 2724 430 2796 ereptus
464 2723 522 2792 est,
557 2715 583 2776 si
617 2713 821 2795 praeclarum
851 2714 974 2776 lacinus
997 2716 1168 2796 praestitit,
1205 2734 1271 2776 non
1295 2733 1338 2775 ex
1362 2734 1428 2777 sua

300 2829 514 2911 prosperitate
537 2837 594 2891 aut
616 2829 735 2891 virtute
760 2826 898 2908 magnos
923 2828 985 2890 sibi
1010 2829 1140 2910 spiritus
1164 2848 1293 2892 sumere
1313 2827 1428 2906 debet,

221 2936 225 2943 ’
301 2942 358 3004 sed
382 2941 497 3004 humili
521 2963 559 3004 ac
582 2943 756 3004 summisso
781 2941 893 3004 animo
917 2942 979 3003 deo
1004 2943 1082 3004 dare
1105 2942 1243 3023 gloriam
1270 2941 1317 3025 9).

305 3067 308 3072 ’
347 3055 423 3117 Hoc
458 3064 566 3118 autem
598 3057 630 3118 in
661 3055 760 3118 deum
783 3056 894 3117 animo
919 3055 1066 3117 homines
1091 3077 1161 3118 esse
1186 3056 1319 3131 debent,
1343 3056 1429 3136 quia

301 3170 408 3232 omnis
441 3169 500 3245 via,
535 3178 591 3231 aut
621 3170 737 3243 virtus,
760 3177 817 3230 aut
840 3167 989 3245 facultas,
1013 3180 1070 3231 aut
1092 3170 1291 3250 prosperitas
1315 3188 1334 3229 a
1358 3168 1430 3232 deo'

299 3283 521 3366 proficiscitur,
565 3283 631 3365 qui,
676 3282 730 3344 ubi
764 3283 905 3364 primum
941 3282 1020 3360 vult,
1055 3283 1204 3344 homines
1238 3281 1287 3343 his
1322 3268 1426 3346 rebus

209 4370 211 4375 ,
302 4309 406 4358 salutem
423 4309 522 4371 debere,
538 4308 583 4357 sed
600 4309 670 4367 μετὰ
688 4308 812 4375 μάκαρας
831 4309 874 4354 καὶ
893 4306 957 4363 Διὸς
973 4306 1058 4369 ἰσχύν.
