3106 4822
730 297 768 363 19

186 476 218 536 in
241 492 371 534 summo
395 471 459 533 deo
483 470 648 533 laudando
672 478 739 531 tam
763 489 867 565 PER}
889 469 931 531 ab
945 468 1313 560 monotheismoabesse
1389 515 1394 530 .

186 595 220 649 ut
242 585 317 648 huic
341 586 385 647 rei
411 583 525 673 similia
547 604 653 666 pauca
668 604 710 644 ex
723 590 792 644 tota
807 583 999 663 antiquitate
1012 581 1117 662 afferri
1129 583 1265 664 possint.
1285 583 1318 664 Ι)

184 700 288 782 Apud
312 696 614 780 Naegelsbachium
638 696 779 777 legimus
792 697 902 777 negari
915 716 980 757 non
993 716 1096 777 posse
1110 695 1316 778 Aeschylum

187 815 231 875 ita
244 812 358 875 Iovem
373 812 558 893 depingere,
573 820 609 873 ut
622 811 768 872 maxime
780 811 821 872 ad
835 807 1114 871 monotheismum
1129 809 1271 873 inclinet.
1284 817 1315 892 2)

187 926 254 990 Sed
278 947 338 988 nos
362 926 427 987 iam
451 924 630 1001 videamus,
656 924 825 1006 quomodo
850 944 901 985 res
927 945 962 986 se
985 921 1112 987 habeat.

231 1038 351 1102 Statim
375 1038 481 1101 elucet
503 1039 569 1101 sere
592 1039 710 1115 omnia,
736 1058 820 1120 quae
844 1036 898 1098 hic
910 1037 1045 1101 alicuius
1060 1046 1135 1100 sunt
1148 1039 1316 1114 momenti,

189 1154 232 1215 ad
269 1153 384 1215 Iovem
420 1152 529 1215 referri
566 1152 710 1235 (recepto
746 1176 808 1217 usu
844 1154 925 1227 Ζεύς
959 1154 1022 1218 hoc
1045 1156 1127 1219 libro
1153 1156 1317 1219 interdum

186 1288 268 1330 voce
314 1287 399 1348 quae
444 1274 492 1328 est
531 1267 679 1349 Iuppiter
714 1267 973 1350 significabitur).
1022 1269 1132 1350 Quam
1168 1269 1211 1333 ob
1247 1290 1317 1331 rem

185 1382 329 1463 primum
365 1380 545 1456 videamus,
578 1381 747 1462 quomodo
779 1380 859 1452 Ζεύς
882 1382 923 1445 ab
947 1381 1118 1465 Aeschylo
1142 1384 1317 1466 cogitetur,

191 1504 227 1558 ut
250 1494 378 1571 deinde,
403 1494 429 1556 si
453 1494 532 1575 quid
556 1494 717 1576 reliquum
741 1504 799 1573 est,
823 1495 886 1558 hoc
910 1495 1093 1560 afferamus.

233 1607 315 1668 Tres
340 1607 548 1688 quaestiones
573 1606 625 1669 hic
649 1608 690 1670 de
714 1607 792 1671 love
815 1611 987 1691 ponendae
1011 1621 1107 1675 sunt:
1133 1612 1159 1689 1,
1184 1634 1319 1694 quam

189 1719 269 1792 Ζεύς
292 1719 448 1783 habeat
471 1721 681 1783 rationem
705 1743 795 1783 cum
819 1724 1000 1806 reliquis
1025 1726 1126 1802 diis;
1147 1725 1197 1801 ΙΙ,
1216 1747 1320 1808 quae

190 1836 304 1898 ratio
335 1835 371 1896 ei
396 1835 634 1897 intercedat
657 1856 747 1897 cum
770 1835 1031 1915 hominibus;
1058 1839 1132 1915 III,
1157 1861 1260 1921 quae
1284 1841 1320 1901 ei

194 1950 305 2013 ratio
330 1949 385 2010 sit
409 1969 499 2010 cum
523 1969 658 2010 reru-m
682 1958 843 2014 natura.

237 2062 262 2125 1.
302 2061 429 2141 Quae
472 2062 582 2124 ratio
617 2061 707 2125 Iovi
744 2064 979 2127 intercedat
1003 2087 1103 2128 -cum
1140 2065 1321 2147 reliquis

199 2178 302 2241 diis.

235 2289 317 2361 Ζεύς
352 2288 462 2351 multis
498 2288 577 2351 locis
603 2288 634 2370 3)
659 2291 766 2367 πατὴρ
798 2290 980 2373 appellatur
1003 2300 1068 2354 tam
1093 2313 1112 2354 a
1136 2293 1196 2354 diis
1220 2312 1320 2374 quam

194 2405 235 2467 ab
270 2402 504 2466 hominibusa
539 2403 646 2485 quibis
681 2404 846 2467 interdum
871 2406 1030 2482 Διογενεῖς
1055 2407 1123 2466 {troi
1146 2405 1180 2487 4)
1204 2405 1318 2489 implo-

193 2624 268 2674 Blick
294 2626 341 2674 fast
367 2623 573 2672 monotheistisch
599 2623 687 2672 iader
710 2624 792 2673 Einen
810 2624 988 2674 alhualtcnden
1005 2625 1091 2674 Macht
1107 2627 1321 2676 znsammensasst.

195 2718 255 2765 Was
281 2717 343 2765 Zeus
367 2715 461 2781 spricht
478 2717 523 2764 das
540 2715 686 2780 geschicht;
704 2716 758 2764 sein
776 2716 853 2765 Wisse
870 2716 999 2780 volhringt
1015 2717 1070 2765 sich
1088 2716 1229 2776 unsehlbar,
1247 2734 1321 2767 wenn

193 2809 259 2856 auch
293 2809 344 2857 den
381 2807 521 2856 Menschen
556 2807 695 2870 verborgen
730 2806 828 2871 (Suppl.
864 2808 920 2870 598,
945 2821 978 2869 90
1001 2807 1025 2856 ff.
1045 2809 1093 2871 Ag.
1114 2807 1175 2872 1485
1196 2808 1323 2874 n,);1‹ein

194 2899 346 2949 Sterblicher
379 2914 481 2961 vermag
517 2904 592 2946 etwas
627 2897 706 2946 wider
740 2898 786 2945 ihn
819 2897 913 2963 (Prom.
940 2897 1008 2963 550),
1031 2899 1118 2948 heinor
1134 2899 1247 2948 entflieht
1264 2901 1322 2948 dem

196 2989 361 3039 Rathscthss
396 2989 441 3037 der
475 2988 598 3048 (louhen,
634 2989 693 3036 oder
727 2989 852 3038 vielmelzr
886 2989 941 3036 dem
978 2990 1154 3054 Verlrc'ingniss
1178 2990 1255 3056 (Pers.
1282 3005 1322 3053 93,

195 3084 297 3146 Fragm.
332 3095 380 3144 299
415 3080 494 3128 Diod.
531 3080 589 3144 (352
625 3080 746 3144 Nauck))‚
773 3084 836 3129 tiber
852 3082 897 3128 das
917 3082 981 3129 Zeus
997 3083 1068 3130 selbst
1084 3083 1155 3130 keine
1172 3083 1263 3131 Maclct
1278 3084 1324 3131 hat

193 3175 287 3241 (Proin.
306 3183 352 3236 511
373 3169 416 3236 ff).
436 3171 485 3220 Die
503 3171 666 3235 Philosophie
683 3171 727 3219 der
745 3171 872 3220 Griechen
889 3173 926 3231 ΙΙ,
944 3189 969 3236 p.
989 3173 1063 3236 5-6.

231 3263 253 3328 1)
280 3263 359 3312 Ethik
385 3263 430 3311 der
456 3262 523 3311 alten
548 3262 681 3325 Griechen,
707 3279 732 3326 p.
761 3277 821 3326 139:
849 3264 920 3323 „Aur
934 3265 1015 3313 dieser
1033 3263 1178 3328 Grundlage
1195 3264 1280 3312 wnrde
1297 3281 1323 3313 es

197 3359 250 3406 ihm
284 3356 352 3403 denn
387 3355 452 3403 auch
488 3355 599 3418 mdglich
633 3355 731 3403 sowohl
766 3355 792 3402 in
810 3356 860 3404 den
878 3356 1103 3405 Schutzflehenden
1121 3356 1165 3421 (90
1183 3354 1217 3420 ff.)
1234 3356 1271 3403 als
1288 3357 1323 3403 im

195 3451 374 3514 Agamemnon
403 3445 462 3511 (160
488 3446 524 3512 ff.)
551 3447 601 3496 den
623 3448 746 3496 hochsten
764 3447 826 3497 Gott
842 3448 868 3496 in
886 3448 969 3496 einem
987 3465 1020 3496 an
1036 3449 1081 3496 das
1100 3446 1323 3496 Monothet‘stische

195 3539 349 3589 streisenden
385 3539 457 3589 Tone
487 3540 538 3588 und
572 3540 617 3588 mit
650 3540 732 3588 einem
756 3539 847 3588 Ernste
870 3540 915 3588 der
932 3539 1079 3606 Gesinnung
1096 3556 1126 3587 zu
1142 3539 1248 3603 prcisen,
1266 3539 1324 3586 dem

199 3631 318 3696 Weniges
336 3630 382 3678 aus
396 3631 455 3679 dem
473 3631 579 3680 Gebiete
596 3631 640 3680 des
657 3631 812 3680 klassischen
831 3631 987 3680 Alterthums
1004 3631 1179 3696 vergleichbar
1198 3629 1255 3679 ist.'’

228 3722 253 3788 2)
282 3722 446 3786 „....Mann
473 3723 536 3771 wird
556 3723 614 3772 dem
632 3723 731 3787 zufolge
749 3723 818 3772 nicht
835 3724 922 3772 umhin
938 3724 1042 3772 konnen
1059 3723 1249 3786 zuzugestehen‚
1266 3723 1324 3770 dass

197 3816 239 3864 die
261 3813 426 3863 Griechische
454 3813 682 3878 Weltanschaunng
708 3815 885 3864 vornehmlich
903 3816 944 3864 bei
962 3815 1102 3878 Aeschylus
1120 3815 1145 3862 in
1163 3815 1208 3862 der
1225 3813 1324 3861 Ausbil·

196 3909 267 3972 dung
298 3906 364 3954 ihrer
381 3906 573 3970 Vorstellungen
591 3922 640 3953 von
659 3906 721 3954 Zeus
739 3906 794 3954 eine
812 3905 937 3970 machtige
956 3905 1077 3969 Neigung
1095 3921 1150 3953 zum
1169 3905 1324 3953 Monothei's·

197 4016 252 4049 mus
275 4015 307 4046 an
332 3998 381 4046 den
405 3997 461 4061 Tag
485 3995 552 4062 legt”
576 3997 755 4063 (Nach-Hom.
781 3997 871 4045 Theoi.
889 4013 914 4060 p.
934 3994 1000 4061 137).
1030 3996 1097 4044 Vide
1115 3996 1191 4044 etiam
1210 3996 1323 4058 Dronke,

195 4093 244 4140 Die
266 4091 309 4140 rel.
329 4090 379 4137 und
397 4088 455 4138 sint.
474 4089 669 4153 Vorstellungen
686 4089 730 4137 des
749 4090 841 4137 Aesch.
861 4089 911 4136 und
928 4087 1077 4152 Sophocles.

230 4187 255 4245 3)
282 4183 311 4231 E.
337 4198 374 4246 gr.
401 4198 415 4229 a
440 4181 489 4228 diis
511 4181 590 4228 Eum.
618 4179 676 4243 608,
695 4181 752 4243 639,
769 4181 796 4227 in
815 4181 900 4227 Prom.
918 4179 1024 4244 passim;
1043 4181 1075 4228 ab
1093 4179 1238 4228 hominibus
1257 4179 1324 4244 Sept,

198 4287 241 4324 111
263 4291 277 4322 a
295 4275 386 4322 choro:
404 4293 422 4322 ω
441 4273 497 4321 Ζεῦ
515 4273 602 4337 udaia
622 4271 770 4329 παντελές
789 4272 854 4336 Sepl.
874 4283 933 4335 495.

228 4367 254 4432 4}
290 4367 356 4431 Sept.
391 4364 537 4430 284—2853
573 4367 662 4430 Suppl.
697 4366 844 4424 610—611;
878 4365 979 4430 passim.
1014 4363 1191 4429 Naegelsbach
1225 4363 1260 4429 (N
1289 4363 1315 4410 H
