<?xml version="1.0" encoding="UTF-8"?>
<!DOCTYPE html PUBLIC "-//W3C//DTD XHTML 1.0 Transitional//EN"
    "http://www.w3.org/TR/xhtml1/DTD/xhtml1-transitional.dtd">
<html xmlns="http://www.w3.org/1999/xhtml" xml:lang="en" lang="en">
 <head>
  <title>
</title>
<meta http-equiv="Content-Type" content="text/html;charset=utf-8" />
  <meta name='ocr-system' content='tesseract 3.04.00' />
  <meta name='ocr-capabilities' content='ocr_page ocr_carea ocr_par ocr_line ocrx_word'/>
</head>
<body>
  <div class='ocr_page' id='page_1' title='image "./dedeoaeschyleo00fiscgoog_0049.png"; bbox 0 0 3106 4822; ppageno 0'>
   <div class='ocr_carea' id='block_1_1' title="bbox 667 1011 883 1080">
    <p class='ocr_par' dir='ltr' id='par_1_1' title="bbox 667 1011 883 1080">
     <span class='ocr_line' id='line_1_1' title="bbox 667 1011 883 1080; baseline 0.009 -3"><span class='ocrx_word' id='word_1_1' title='bbox 667 1011 819 1080; x_wconf 79' lang='lat' dir='ltr'><strong>CAPUT</strong></span> <span class='ocrx_word' id='word_1_2' title='bbox 842 1012 883 1079; x_wconf 94' lang='grc' dir='ltr'>ΙΙ.</span> 
     </span>
    </p>
   </div>
   <div class='ocr_carea' id='block_1_2' title="bbox 321 1205 1230 1281">
    <p class='ocr_par' dir='ltr' id='par_1_2' title="bbox 321 1205 1230 1281">
     <span class='ocr_line' id='line_1_2' title="bbox 321 1205 1230 1281; baseline 0.001 -15"><span class='ocrx_word' id='word_1_3' title='bbox 321 1217 410 1280; x_wconf 88' lang='lat' dir='ltr'><strong>QUID</strong></span> <span class='ocrx_word' id='word_1_4' title='bbox 433 1216 488 1266; x_wconf 87' lang='lat' dir='ltr'>SIT</span> <span class='ocrx_word' id='word_1_5' title='bbox 511 1205 622 1281; x_wconf 81' lang='grc' dir='ltr'><em>Μοῖρα</em></span> <span class='ocrx_word' id='word_1_6' title='bbox 645 1217 742 1266; x_wconf 91' lang='lat' dir='ltr'><strong>APUD</strong></span> <span class='ocrx_word' id='word_1_7' title='bbox 765 1216 986 1268; x_wconf 83' lang='lat' dir='ltr'>AESCHYLUM</span> <span class='ocrx_word' id='word_1_8' title='bbox 1010 1217 1230 1280; x_wconf 86' lang='lat' dir='ltr'><strong>QUAERITUR.</strong></span> 
     </span>
    </p>
   </div>
   <div class='ocr_carea' id='block_1_3' title="bbox 650 1401 893 1410">
    <p class='ocr_par' dir='ltr' id='par_1_3' title="bbox 650 1401 893 1410">
     <span class='ocr_line' id='line_1_3' title="bbox 650 1401 893 1410; baseline 0.004 -1"><span class='ocrx_word' id='word_1_9' title='bbox 650 1401 893 1410; x_wconf 64' lang='lat' dir='ltr'>—o——u—</span> 
     </span>
    </p>
   </div>
   <div class='ocr_carea' id='block_1_4' title="bbox 213 1607 1334 1806">
    <p class='ocr_par' dir='ltr' id='par_1_4' title="bbox 213 1607 1334 1806">
     <span class='ocr_line' id='line_1_4' title="bbox 258 1607 1334 1693; baseline 0.002 -24"><span class='ocrx_word' id='word_1_10' title='bbox 258 1608 296 1670; x_wconf 94' lang='lat' dir='ltr'>In</span> <span class='ocrx_word' id='word_1_11' title='bbox 330 1609 436 1688; x_wconf 92' lang='lat' dir='ltr'>primo</span> <span class='ocrx_word' id='word_1_12' title='bbox 467 1609 570 1690; x_wconf 85' lang='lat' dir='ltr'>capite</span> <span class='ocrx_word' id='word_1_13' title='bbox 601 1607 647 1693; x_wconf 88' lang='lat' dir='ltr'>(p.</span> <span class='ocrx_word' id='word_1_14' title='bbox 677 1608 710 1689; x_wconf 87' lang='lat'>4)</span> <span class='ocrx_word' id='word_1_15' title='bbox 734 1609 876 1671; x_wconf 85' lang='lat' dir='ltr'>diximus</span> <span class='ocrx_word' id='word_1_16' title='bbox 901 1628 1054 1690; x_wconf 85' lang='lat' dir='ltr'>magnam</span> <span class='ocrx_word' id='word_1_17' title='bbox 1078 1609 1334 1672; x_wconf 88' lang='lat' dir='ltr'>controversiam</span> 
     </span>
     <span class='ocr_line' id='line_1_5' title="bbox 213 1721 1333 1806; baseline 0.001 -23"><span class='ocrx_word' id='word_1_18' title='bbox 213 1743 293 1798; x_wconf 88' lang='lat' dir='ltr'>esse,</span> <span class='ocrx_word' id='word_1_19' title='bbox 318 1730 427 1784; x_wconf 91' lang='lat' dir='ltr'>utrum</span> <span class='ocrx_word' id='word_1_20' title='bbox 451 1721 531 1793; x_wconf 67' lang='grc' dir='ltr'>Ζεύς</span> <span class='ocrx_word' id='word_1_21' title='bbox 552 1743 593 1785; x_wconf 89' lang='lat' dir='ltr'>an</span> <span class='ocrx_word' id='word_1_22' title='bbox 617 1725 729 1801; x_wconf 81' lang='grc' dir='ltr'><em>Μοῖρα</em></span> <span class='ocrx_word' id='word_1_23' title='bbox 752 1721 814 1800; x_wconf 89' lang='lat' dir='ltr'>(vel</span> <span class='ocrx_word' id='word_1_24' title='bbox 838 1725 976 1801; x_wconf 79' lang='grc' dir='ltr'><em>Μοῖραι)</em></span> <span class='ocrx_word' id='word_1_25' title='bbox 1000 1722 1170 1806; x_wconf 90' lang='lat' dir='ltr'>Aeschylo</span> <span class='ocrx_word' id='word_1_26' title='bbox 1183 1743 1333 1786; x_wconf 89' lang='lat' dir='ltr'>summus</span> 
     </span>
    </p>
   </div>
   <div class='ocr_carea' id='block_1_5' title="bbox 214 1834 1335 1918">
    <p class='ocr_par' dir='ltr' id='par_1_5' title="bbox 214 1834 1335 1918">
     <span class='ocr_line' id='line_1_6' title="bbox 214 1834 1335 1918; baseline 0.001 -21"><span class='ocrx_word' id='word_1_27' title='bbox 214 1835 294 1897; x_wconf 87' lang='lat' dir='ltr'>deus</span> <span class='ocrx_word' id='word_1_28' title='bbox 336 1834 440 1899; x_wconf 88' lang='lat' dir='ltr'>suerit.</span> <span class='ocrx_word' id='word_1_29' title='bbox 488 1836 541 1898; x_wconf 89' lang='lat' dir='ltr'>De</span> <span class='ocrx_word' id='word_1_30' title='bbox 581 1857 646 1918; x_wconf 88' lang='lat' dir='ltr'>qua</span> <span class='ocrx_word' id='word_1_31' title='bbox 686 1837 906 1908; x_wconf 81' lang='lat' dir='ltr'>controversia</span> <span class='ocrx_word' id='word_1_32' title='bbox 947 1836 973 1897; x_wconf 89' lang='lat' dir='ltr'>si</span> <span class='ocrx_word' id='word_1_33' title='bbox 1009 1835 1086 1898; x_wconf 90' lang='lat' dir='ltr'>nihil</span> <span class='ocrx_word' id='word_1_34' title='bbox 1121 1838 1335 1918; x_wconf 87' lang='lat' dir='ltr'>comperisses</span> 
     </span>
    </p>
   </div>
   <div class='ocr_carea' id='block_1_6' title="bbox 211 1948 1387 3974">
    <p class='ocr_par' dir='ltr' id='par_1_6' title="bbox 211 1948 1387 3974">
     <span class='ocr_line' id='line_1_7' title="bbox 215 1948 1335 2032; baseline 0.002 -22"><span class='ocrx_word' id='word_1_35' title='bbox 215 1948 416 2032; x_wconf 84' lang='lat' dir='ltr'>legissesque</span> <span class='ocrx_word' id='word_1_36' title='bbox 457 1949 491 2012; x_wconf 92' lang='lat' dir='ltr'>id</span> <span class='ocrx_word' id='word_1_37' title='bbox 532 1950 773 2026; x_wconf 88' lang='lat' dir='ltr'>tantummodo,</span> <span class='ocrx_word' id='word_1_38' title='bbox 808 1949 899 2032; x_wconf 92' lang='lat' dir='ltr'>quod</span> <span class='ocrx_word' id='word_1_39' title='bbox 933 1969 993 2012; x_wconf 90' lang='lat' dir='ltr'>nos</span> <span class='ocrx_word' id='word_1_40' title='bbox 1028 1951 1195 2031; x_wconf 87' lang='lat' dir='ltr'>superiore</span> <span class='ocrx_word' id='word_1_41' title='bbox 1230 1951 1335 2032; x_wconf 88' lang='lat' dir='ltr'>capite</span> 
     </span>
     <span class='ocr_line' id='line_1_8' title="bbox 215 2063 1334 2147; baseline 0.001 -22"><span class='ocrx_word' id='word_1_42' title='bbox 215 2064 256 2126; x_wconf 90' lang='lat' dir='ltr'>de</span> <span class='ocrx_word' id='word_1_43' title='bbox 280 2064 360 2126; x_wconf 89' lang='lat' dir='ltr'>Iove</span> <span class='ocrx_word' id='word_1_44' title='bbox 383 2064 581 2145; x_wconf 64' lang='lat' dir='ltr'>scripsimus</span> <span class='ocrx_word' id='word_1_45' title='bbox 606 2066 686 2127; x_wconf 92' lang='lat' dir='ltr'>etsi</span> <span class='ocrx_word' id='word_1_46' title='bbox 711 2065 922 2126; x_wconf 81' lang='lat' dir='ltr'>contenderet</span> <span class='ocrx_word' id='word_1_47' title='bbox 946 2063 1061 2146; x_wconf 91' lang='lat' dir='ltr'>aliquis</span> <span class='ocrx_word' id='word_1_48' title='bbox 1084 2064 1172 2146; x_wconf 89' lang='lat' dir='ltr'>apud</span> <span class='ocrx_word' id='word_1_49' title='bbox 1185 2063 1334 2147; x_wconf 87' lang='lat' dir='ltr'>Aeschy-</span> 
     </span>
     <span class='ocr_line' id='line_1_9' title="bbox 213 2175 1334 2260; baseline 0.001 -22"><span class='ocrx_word' id='word_1_50' title='bbox 213 2176 282 2239; x_wconf 94' lang='lat' dir='ltr'>lum</span> <span class='ocrx_word' id='word_1_51' title='bbox 317 2177 474 2259; x_wconf 86' lang='lat' dir='ltr'>quiddam</span> <span class='ocrx_word' id='word_1_52' title='bbox 504 2199 574 2240; x_wconf 88' lang='lat' dir='ltr'>esse</span> <span class='ocrx_word' id='word_1_53' title='bbox 597 2180 668 2260; x_wconf 92' lang='lat' dir='ltr'>ipso</span> <span class='ocrx_word' id='word_1_54' title='bbox 692 2179 772 2240; x_wconf 91' lang='lat' dir='ltr'>Iove</span> <span class='ocrx_word' id='word_1_55' title='bbox 796 2175 911 2254; x_wconf 90' lang='lat' dir='ltr'>maius,</span> <span class='ocrx_word' id='word_1_56' title='bbox 935 2179 987 2240; x_wconf 90' lang='lat' dir='ltr'>cui</span> <span class='ocrx_word' id='word_1_57' title='bbox 1011 2176 1063 2239; x_wconf 93' lang='lat' dir='ltr'>hic</span> <span class='ocrx_word' id='word_1_58' title='bbox 1087 2177 1167 2240; x_wconf 91' lang='lat' dir='ltr'>deus</span> <span class='ocrx_word' id='word_1_59' title='bbox 1191 2179 1334 2260; x_wconf 83' lang='lat' dir='ltr'>optimus</span> 
     </span>
     <span class='ocr_line' id='line_1_10' title="bbox 214 2291 1334 2374; baseline 0.002 -22"><span class='ocrx_word' id='word_1_60' title='bbox 214 2291 378 2352; x_wconf 89' lang='lat' dir='ltr'>maximus</span> <span class='ocrx_word' id='word_1_61' title='bbox 419 2311 533 2373; x_wconf 89' lang='lat' dir='ltr'>parere</span> <span class='ocrx_word' id='word_1_62' title='bbox 574 2291 719 2368; x_wconf 85' lang='lat' dir='ltr'>deberet,</span> <span class='ocrx_word' id='word_1_63' title='bbox 756 2292 1001 2374; x_wconf 87' lang='lat' dir='ltr'>obstupefactus</span> <span class='ocrx_word' id='word_1_64' title='bbox 1035 2291 1169 2354; x_wconf 89' lang='lat' dir='ltr'>fortasse</span> <span class='ocrx_word' id='word_1_65' title='bbox 1203 2301 1334 2355; x_wconf 79' lang='lat' dir='ltr'>astares</span> 
     </span>
     <span class='ocr_line' id='line_1_11' title="bbox 213 2404 1333 2486; baseline 0.003 -21"><span class='ocrx_word' id='word_1_66' title='bbox 213 2404 389 2486; x_wconf 85' lang='lat' dir='ltr'>Postquam</span> <span class='ocrx_word' id='word_1_67' title='bbox 425 2413 535 2467; x_wconf 90' lang='lat' dir='ltr'>autem</span> <span class='ocrx_word' id='word_1_68' title='bbox 558 2405 614 2467; x_wconf 94' lang='lat' dir='ltr'>tibi</span> <span class='ocrx_word' id='word_1_69' title='bbox 638 2426 730 2468; x_wconf 90' lang='lat' dir='ltr'>mens</span> <span class='ocrx_word' id='word_1_70' title='bbox 753 2406 897 2481; x_wconf 82' lang='lat' dir='ltr'>redisset,</span> <span class='ocrx_word' id='word_1_71' title='bbox 921 2407 1075 2469; x_wconf 90' lang='lat' dir='ltr'>continuo</span> <span class='ocrx_word' id='word_1_72' title='bbox 1099 2414 1185 2468; x_wconf 89' lang='lat' dir='ltr'>certe</span> <span class='ocrx_word' id='word_1_73' title='bbox 1209 2406 1333 2468; x_wconf 89' lang='lat' dir='ltr'>diceres</span> 
     </span>
     <span class='ocr_line' id='line_1_12' title="bbox 214 2517 1334 2601; baseline 0.001 -22"><span class='ocrx_word' id='word_1_74' title='bbox 214 2518 325 2581; x_wconf 89' lang='lat' dir='ltr'>Iovem</span> <span class='ocrx_word' id='word_1_75' title='bbox 364 2519 463 2598; x_wconf 88' lang='lat' dir='ltr'>igitur</span> <span class='ocrx_word' id='word_1_76' title='bbox 485 2520 517 2579; x_wconf 93' lang='lat' dir='ltr'>in</span> <span class='ocrx_word' id='word_1_77' title='bbox 542 2539 644 2600; x_wconf 84' lang='lat' dir='ltr'>regno</span> <span class='ocrx_word' id='word_1_78' title='bbox 668 2524 724 2597; x_wconf 52' lang='lat' dir='ltr'>vti)</span> <span class='ocrx_word' id='word_1_79' title='bbox 748 2517 878 2598; x_wconf 75' lang='grc' dir='ltr'>Μοῖρα,ι</span> <span class='ocrx_word' id='word_1_80' title='bbox 901 2540 981 2594; x_wconf 88' lang='lat' dir='ltr'>esse,</span> <span class='ocrx_word' id='word_1_81' title='bbox 1006 2520 1062 2601; x_wconf 93' lang='lat' dir='ltr'>qui</span> <span class='ocrx_word' id='word_1_82' title='bbox 1086 2518 1193 2582; x_wconf 90' lang='lat' dir='ltr'>Maior</span> <span class='ocrx_word' id='word_1_83' title='bbox 1216 2520 1334 2582; x_wconf 91' lang='lat' dir='ltr'>domus</span> 
     </span>
     <span class='ocr_line' id='line_1_13' title="bbox 214 2631 1335 2714; baseline 0.001 -20"><span class='ocrx_word' id='word_1_84' title='bbox 214 2633 245 2694; x_wconf 94' lang='lat' dir='ltr'>in</span> <span class='ocrx_word' id='word_1_85' title='bbox 276 2652 378 2713; x_wconf 74' lang='lat' dir='ltr'>regno</span> <span class='ocrx_word' id='word_1_86' title='bbox 410 2631 714 2714; x_wconf 85' lang='lat' dir='ltr'>Franco-gallorum</span> <span class='ocrx_word' id='word_1_87' title='bbox 745 2632 807 2695; x_wconf 88' lang='lat' dir='ltr'>sub</span> <span class='ocrx_word' id='word_1_88' title='bbox 832 2633 964 2695; x_wconf 89' lang='lat' dir='ltr'>Francis</span> <span class='ocrx_word' id='word_1_89' title='bbox 989 2631 1119 2712; x_wconf 86' lang='lat' dir='ltr'>regibus</span> <span class='ocrx_word' id='word_1_90' title='bbox 1144 2633 1266 2710; x_wconf 86' lang='lat' dir='ltr'>fuisset,</span> <span class='ocrx_word' id='word_1_91' title='bbox 1291 2634 1335 2695; x_wconf 88' lang='lat' dir='ltr'>ita</span> 
     </span>
     <span class='ocr_line' id='line_1_14' title="bbox 214 2744 1333 2828; baseline 0.003 -21"><span class='ocrx_word' id='word_1_92' title='bbox 214 2753 250 2807; x_wconf 92' lang='lat' dir='ltr'>ut</span> <span class='ocrx_word' id='word_1_93' title='bbox 285 2747 399 2826; x_wconf 81' lang='grc' dir='ltr'><em>Μοῖρα</em></span> <span class='ocrx_word' id='word_1_94' title='bbox 433 2753 519 2807; x_wconf 89' lang='lat' dir='ltr'>esset</span> <span class='ocrx_word' id='word_1_95' title='bbox 547 2765 628 2808; x_wconf 91' lang='lat' dir='ltr'>anus</span> <span class='ocrx_word' id='word_1_96' title='bbox 662 2744 833 2822; x_wconf 88' lang='lat' dir='ltr'>imbecilla,</span> <span class='ocrx_word' id='word_1_97' title='bbox 868 2758 963 2828; x_wconf 49' lang='lat' dir='ltr'>quae*</span> <span class='ocrx_word' id='word_1_98' title='bbox 981 2756 1139 2828; x_wconf 86' lang='lat' dir='ltr'>perpetuo</span> <span class='ocrx_word' id='word_1_99' title='bbox 1170 2748 1260 2811; x_wconf 90' lang='lat' dir='ltr'>domi</span> <span class='ocrx_word' id='word_1_100' title='bbox 1292 2748 1333 2820; x_wconf 87' lang='lat' dir='ltr'>ad</span> 
     </span>
     <span class='ocr_line' id='line_1_15' title="bbox 213 2858 1332 2944; baseline 0.004 -24"><span class='ocrx_word' id='word_1_101' title='bbox 213 2859 323 2921; x_wconf 86' lang='lat' dir='ltr'>focum</span> <span class='ocrx_word' id='word_1_102' title='bbox 359 2860 495 2937; x_wconf 88' lang='lat' dir='ltr'>sederet,</span> <span class='ocrx_word' id='word_1_103' title='bbox 527 2858 607 2930; x_wconf 69' lang='grc' dir='ltr'>Ζεύς</span> <span class='ocrx_word' id='word_1_104' title='bbox 637 2868 747 2922; x_wconf 89' lang='lat' dir='ltr'>autem</span> <span class='ocrx_word' id='word_1_105' title='bbox 779 2861 909 2923; x_wconf 89' lang='lat' dir='ltr'>nomine</span> <span class='ocrx_word' id='word_1_106' title='bbox 939 2861 1085 2924; x_wconf 90' lang='lat' dir='ltr'>minister</span> <span class='ocrx_word' id='word_1_107' title='bbox 1108 2863 1178 2925; x_wconf 88' lang='lat' dir='ltr'>eius</span> <span class='ocrx_word' id='word_1_108' title='bbox 1201 2871 1234 2925; x_wconf 90' lang='lat' dir='ltr'>et</span> <span class='ocrx_word' id='word_1_109' title='bbox 1257 2882 1332 2944; x_wconf 89' lang='lat' dir='ltr'>pro-</span> 
     </span>
     <span class='ocr_line' id='line_1_16' title="bbox 213 2975 1331 3058; baseline 0.005 -24"><span class='ocrx_word' id='word_1_110' title='bbox 213 2981 352 3048; x_wconf 88' lang='lat' dir='ltr'>curator,</span> <span class='ocrx_word' id='word_1_111' title='bbox 388 2994 422 3034; x_wconf 90' lang='lat' dir='ltr'>re</span> <span class='ocrx_word' id='word_1_112' title='bbox 452 2981 560 3036; x_wconf 89' lang='lat' dir='ltr'>tamen</span> <span class='ocrx_word' id='word_1_113' title='bbox 590 2975 626 3048; x_wconf 88' lang='lat' dir='ltr'>is,</span> <span class='ocrx_word' id='word_1_114' title='bbox 657 2994 757 3056; x_wconf 88' lang='lat' dir='ltr'>penes</span> <span class='ocrx_word' id='word_1_115' title='bbox 787 2995 886 3056; x_wconf 89' lang='lat' dir='ltr'>quem</span> <span class='ocrx_word' id='word_1_116' title='bbox 910 2983 1017 3038; x_wconf 91' lang='lat' dir='ltr'>totum</span> <span class='ocrx_word' id='word_1_117' title='bbox 1042 2983 1128 3039; x_wconf 87' lang='lat' dir='ltr'>esset</span> <span class='ocrx_word' id='word_1_118' title='bbox 1151 2977 1331 3058; x_wconf 90' lang='lat' dir='ltr'>imperium.</span> 
     </span>
     <span class='ocr_line' id='line_1_17' title="bbox 213 3067 1332 3170; baseline 0.003 -21"><span class='ocrx_word' id='word_1_119' title='bbox 213 3086 322 3167; x_wconf 79' lang='lat' dir='ltr'>Quam</span> <span class='ocrx_word' id='word_1_120' title='bbox 357 3067 603 3150; x_wconf 82' lang='lat' dir='ltr'>admirationem</span> <span class='ocrx_word' id='word_1_121' title='bbox 634 3069 835 3170; x_wconf 89' lang='lat' dir='ltr'>quamquam</span> <span class='ocrx_word' id='word_1_122' title='bbox 870 3088 973 3150; x_wconf 86' lang='lat' dir='ltr'>fateor</span> <span class='ocrx_word' id='word_1_123' title='bbox 1004 3108 1070 3152; x_wconf 92' lang='lat' dir='ltr'>non</span> <span class='ocrx_word' id='word_1_124' title='bbox 1094 3089 1138 3152; x_wconf 89' lang='lat' dir='ltr'>ita</span> <span class='ocrx_word' id='word_1_125' title='bbox 1162 3089 1332 3152; x_wconf 83' lang='lat' dir='ltr'>ridiculam</span> 
     </span>
     <span class='ocr_line' id='line_1_18' title="bbox 211 3200 1332 3284; baseline 0.002 -21"><span class='ocrx_word' id='word_1_126' title='bbox 211 3222 292 3278; x_wconf 89' lang='lat' dir='ltr'>esse,</span> <span class='ocrx_word' id='word_1_127' title='bbox 328 3209 437 3263; x_wconf 88' lang='lat' dir='ltr'>tamen</span> <span class='ocrx_word' id='word_1_128' title='bbox 472 3200 552 3264; x_wconf 86' lang='lat' dir='ltr'>haec</span> <span class='ocrx_word' id='word_1_129' title='bbox 586 3222 637 3263; x_wconf 91' lang='lat' dir='ltr'>res</span> <span class='ocrx_word' id='word_1_130' title='bbox 671 3201 771 3283; x_wconf 88' lang='lat' dir='ltr'>digna</span> <span class='ocrx_word' id='word_1_131' title='bbox 805 3210 865 3279; x_wconf 89' lang='lat' dir='ltr'>est,</span> <span class='ocrx_word' id='word_1_132' title='bbox 899 3222 984 3284; x_wconf 88' lang='lat' dir='ltr'>quae</span> <span class='ocrx_word' id='word_1_133' title='bbox 1015 3201 1186 3284; x_wconf 83' lang='lat' dir='ltr'>diligenter</span> <span class='ocrx_word' id='word_1_134' title='bbox 1209 3222 1332 3284; x_wconf 83' lang='lat' dir='ltr'>cogno·</span> 
     </span>
     <span class='ocr_line' id='line_1_19' title="bbox 212 3314 1331 3398; baseline -0.001 -20"><span class='ocrx_word' id='word_1_135' title='bbox 212 3326 330 3392; x_wconf 89' lang='lat' dir='ltr'>scatur,</span> <span class='ocrx_word' id='word_1_136' title='bbox 364 3323 536 3398; x_wconf 87' lang='lat' dir='ltr'>propterea</span> <span class='ocrx_word' id='word_1_137' title='bbox 569 3314 659 3397; x_wconf 94' lang='lat' dir='ltr'>quod</span> <span class='ocrx_word' id='word_1_138' title='bbox 694 3336 770 3379; x_wconf 90' lang='lat' dir='ltr'>cum</span> <span class='ocrx_word' id='word_1_139' title='bbox 806 3314 916 3378; x_wconf 87' lang='lat' dir='ltr'>multis</span> <span class='ocrx_word' id='word_1_140' title='bbox 952 3316 1021 3378; x_wconf 90' lang='lat' dir='ltr'>aliis</span> <span class='ocrx_word' id='word_1_141' title='bbox 1055 3317 1102 3380; x_wconf 93' lang='lat' dir='ltr'>vir</span> <span class='ocrx_word' id='word_1_142' title='bbox 1125 3315 1331 3390; x_wconf 88' lang='lat' dir='ltr'>clarissimus,</span> 
     </span>
     <span class='ocr_line' id='line_1_20' title="bbox 212 3427 1330 3513; baseline 0 -21"><span class='ocrx_word' id='word_1_143' title='bbox 212 3429 374 3492; x_wconf 89' lang='lat' dir='ltr'>Zellerum</span> <span class='ocrx_word' id='word_1_144' title='bbox 403 3428 432 3513; x_wconf 85' lang='lat'>1)</span> <span class='ocrx_word' id='word_1_145' title='bbox 467 3428 551 3504; x_wconf 90' lang='lat' dir='ltr'>dico,</span> <span class='ocrx_word' id='word_1_146' title='bbox 587 3430 620 3490; x_wconf 91' lang='lat' dir='ltr'>in</span> <span class='ocrx_word' id='word_1_147' title='bbox 655 3429 768 3491; x_wconf 84' lang='lat' dir='ltr'>eastris</span> <span class='ocrx_word' id='word_1_148' title='bbox 800 3433 856 3506; x_wconf 69' lang='grc' dir='ltr'>τῆς</span> <span class='ocrx_word' id='word_1_149' title='bbox 879 3427 1008 3509; x_wconf 79' lang='grc' dir='ltr'><strong><em>Μοίρας</em></strong></span> <span class='ocrx_word' id='word_1_150' title='bbox 1031 3438 1166 3511; x_wconf 85' lang='lat' dir='ltr'>pugnat.</span> <span class='ocrx_word' id='word_1_151' title='bbox 1210 3429 1266 3492; x_wconf 91' lang='lat' dir='ltr'>Ab</span> <span class='ocrx_word' id='word_1_152' title='bbox 1290 3450 1330 3491; x_wconf 90' lang='lat' dir='ltr'>eo</span> 
     </span>
     <span class='ocr_line' id='line_1_21' title="bbox 214 3542 1387 3625; baseline -0.002 -19"><span class='ocrx_word' id='word_1_153' title='bbox 214 3552 300 3606; x_wconf 86' lang='lat' dir='ltr'>stant</span> <span class='ocrx_word' id='word_1_154' title='bbox 333 3564 361 3606; x_wconf 89' lang='lat' dir='ltr'>e.</span> <span class='ocrx_word' id='word_1_155' title='bbox 392 3563 441 3625; x_wconf 89' lang='lat' dir='ltr'>gr.</span> <span class='ocrx_word' id='word_1_156' title='bbox 480 3542 605 3623; x_wconf 88' lang='lat' dir='ltr'>Haupt,</span> <span class='ocrx_word' id='word_1_157' title='bbox 646 3542 810 3616; x_wconf 86' lang='lat' dir='ltr'>Bliimner,</span> <span class='ocrx_word' id='word_1_158' title='bbox 846 3542 1086 3624; x_wconf 79' lang='lat' dir='ltr'>Toepelmann3</span> <span class='ocrx_word' id='word_1_159' title='bbox 1121 3544 1153 3605; x_wconf 92' lang='lat' dir='ltr'>in</span> <span class='ocrx_word' id='word_1_160' title='bbox 1189 3543 1331 3606; x_wconf 90' lang='lat' dir='ltr'>hostium</span> <span class='ocrx_word' id='word_1_161' title='bbox 1385 3575 1387 3579; x_wconf 96' lang='lat'>·</span> 
     </span>
     <span class='ocr_line' id='line_1_22' title="bbox 211 3654 1332 3737; baseline -0.001 -17"><span class='ocrx_word' id='word_1_162' title='bbox 211 3667 320 3721; x_wconf 87' lang='lat' dir='ltr'>autem</span> <span class='ocrx_word' id='word_1_163' title='bbox 351 3658 463 3720; x_wconf 84' lang='lat' dir='ltr'>castris</span> <span class='ocrx_word' id='word_1_164' title='bbox 495 3656 642 3720; x_wconf 89' lang='lat' dir='ltr'>videmus</span> <span class='ocrx_word' id='word_1_165' title='bbox 667 3654 871 3737; x_wconf 87' lang='lat' dir='ltr'>Bernhardy,</span> <span class='ocrx_word' id='word_1_166' title='bbox 896 3656 938 3721; x_wconf 89' lang='lat' dir='ltr'>K.</span> <span class='ocrx_word' id='word_1_167' title='bbox 963 3654 1004 3718; x_wconf 92' lang='grc' dir='ltr'>Ο.</span> <span class='ocrx_word' id='word_1_168' title='bbox 1030 3655 1221 3733; x_wconf 75' lang='lat' dir='ltr'>Mulierum,</span> <span class='ocrx_word' id='word_1_169' title='bbox 1247 3657 1332 3719; x_wconf 88' lang='lat' dir='ltr'>Har-</span> 
     </span>
     <span class='ocr_line' id='line_1_23' title="bbox 211 3768 1330 3854; baseline -0.001 -21"><span class='ocrx_word' id='word_1_170' title='bbox 211 3773 373 3853; x_wconf 88' lang='lat' dir='ltr'>tungium,</span> <span class='ocrx_word' id='word_1_171' title='bbox 410 3771 639 3848; x_wconf 90' lang='lat' dir='ltr'>Klausenium,</span> <span class='ocrx_word' id='word_1_172' title='bbox 664 3769 697 3854; x_wconf 87' lang='lat'>2)</span> <span class='ocrx_word' id='word_1_173' title='bbox 738 3769 829 3835; x_wconf 92' lang='lat' dir='ltr'>alios.</span> <span class='ocrx_word' id='word_1_174' title='bbox 878 3769 975 3832; x_wconf 89' lang='lat' dir='ltr'>Unde</span> <span class='ocrx_word' id='word_1_175' title='bbox 1010 3768 1092 3832; x_wconf 87' lang='lat' dir='ltr'>haec</span> <span class='ocrx_word' id='word_1_176' title='bbox 1126 3770 1209 3832; x_wconf 91' lang='lat' dir='ltr'>inter</span> <span class='ocrx_word' id='word_1_177' title='bbox 1243 3769 1330 3833; x_wconf 89' lang='lat' dir='ltr'>viros</span> 
     </span>
     <span class='ocr_line' id='line_1_24' title="bbox 211 3883 1332 3974; baseline 0 -28"><span class='ocrx_word' id='word_1_178' title='bbox 211 3886 327 3947; x_wconf 91' lang='lat' dir='ltr'>doctos</span> <span class='ocrx_word' id='word_1_179' title='bbox 363 3886 550 3948; x_wconf 87' lang='lat' dir='ltr'>discordia?</span> <span class='ocrx_word' id='word_1_180' title='bbox 584 3884 630 3950; x_wconf 94' lang='lat' dir='ltr'>Ut</span> <span class='ocrx_word' id='word_1_181' title='bbox 653 3904 767 3946; x_wconf 90' lang='lat' dir='ltr'>omnes</span> <span class='ocrx_word' id='word_1_182' title='bbox 791 3884 939 3946; x_wconf 88' lang='lat' dir='ltr'>omnium</span> <span class='ocrx_word' id='word_1_183' title='bbox 963 3892 1149 3974; x_wconf 89' lang='lat' dir='ltr'>temporum</span> <span class='ocrx_word' id='word_1_184' title='bbox 1171 3883 1332 3956; x_wconf 88' lang='lat' dir='ltr'>homines,</span> 
     </span>
    </p>
   </div>
   <div class='ocr_carea' id='block_1_7' title="bbox 211 4152 1329 4382">
    <p class='ocr_par' dir='ltr' id='par_1_7' title="bbox 211 4152 1329 4382">
     <span class='ocr_line' id='line_1_25' title="bbox 249 4152 659 4218; baseline 0.007 -19"><span class='ocrx_word' id='word_1_185' title='bbox 249 4152 271 4218; x_wconf 87' lang='lat'>1)</span> <span class='ocrx_word' id='word_1_186' title='bbox 288 4153 353 4202; x_wconf 92' lang='lat' dir='ltr'>Vide</span> <span class='ocrx_word' id='word_1_187' title='bbox 370 4160 455 4201; x_wconf 83' lang='lat' dir='ltr'>notam</span> <span class='ocrx_word' id='word_1_188' title='bbox 473 4154 576 4202; x_wconf 86' lang='lat' dir='ltr'>alteram</span> <span class='ocrx_word' id='word_1_189' title='bbox 593 4171 617 4218; x_wconf 88' lang='lat' dir='ltr'>p.</span> <span class='ocrx_word' id='word_1_190' title='bbox 635 4166 659 4213; x_wconf 91' lang='lat'>4.</span> 
     </span>
     <span class='ocr_line' id='line_1_26' title="bbox 244 4243 1329 4308; baseline 0.001 -17"><span class='ocrx_word' id='word_1_191' title='bbox 244 4246 270 4307; x_wconf 87' lang='lat'>2)</span> <span class='ocrx_word' id='word_1_192' title='bbox 296 4243 408 4304; x_wconf 88' lang='lat' dir='ltr'>Quorum</span> <span class='ocrx_word' id='word_1_193' title='bbox 425 4260 509 4308; x_wconf 87' lang='lat' dir='ltr'>opera,</span> <span class='ocrx_word' id='word_1_194' title='bbox 526 4245 552 4291; x_wconf 92' lang='lat' dir='ltr'>in</span> <span class='ocrx_word' id='word_1_195' title='bbox 569 4244 660 4308; x_wconf 92' lang='lat' dir='ltr'>quibus</span> <span class='ocrx_word' id='word_1_196' title='bbox 677 4245 709 4292; x_wconf 90' lang='lat' dir='ltr'>de</span> <span class='ocrx_word' id='word_1_197' title='bbox 726 4245 774 4293; x_wconf 88' lang='lat' dir='ltr'>hac</span> <span class='ocrx_word' id='word_1_198' title='bbox 791 4260 817 4292; x_wconf 92' lang='lat' dir='ltr'>re</span> <span class='ocrx_word' id='word_1_199' title='bbox 835 4244 971 4302; x_wconf 85' lang='lat' dir='ltr'>disseritur,</span> <span class='ocrx_word' id='word_1_200' title='bbox 988 4261 1013 4308; x_wconf 91' lang='lat' dir='ltr'>p.</span> <span class='ocrx_word' id='word_1_201' title='bbox 1031 4257 1047 4304; x_wconf 92' lang='lat'>4</span> <span class='ocrx_word' id='word_1_202' title='bbox 1065 4245 1137 4293; x_wconf 88' lang='lat' dir='ltr'>huius</span> <span class='ocrx_word' id='word_1_203' title='bbox 1154 4245 1210 4293; x_wconf 89' lang='lat' dir='ltr'>libri</span> <span class='ocrx_word' id='word_1_204' title='bbox 1228 4244 1329 4293; x_wconf 82' lang='lat' dir='ltr'>laudata</span> 
     </span>
     <span class='ocr_line' id='line_1_27' title="bbox 211 4349 329 4382; baseline 0.008 -1"><span class='ocrx_word' id='word_1_205' title='bbox 211 4349 329 4382; x_wconf 80' lang='lat' dir='ltr'>invenies.</span> 
     </span>
    </p>
   </div>
   <div class='ocr_carea' id='block_1_8' title="bbox 0 0 1558 4822">
    <p class='ocr_par' dir='ltr' id='par_1_8' title="bbox 0 0 1558 4822">
     <span class='ocr_line' id='line_1_28' title="bbox 0 0 1558 4822; baseline 0 0"><span class='ocrx_word' id='word_1_206' title='bbox 0 0 1558 4822; x_wconf 95' lang='lat' dir='ltr'> </span> 
     </span>
    </p>
   </div>
  </div>
 </body>
</html>
