3106 4822
719 298 778 366 ¹29

184 475 399 556 videmusque
434 471 644 534 nihilominus
675 468 830 532 'homines
864 470 966 533 multa
997 461 1118 532 nefarie
1141 471 1227 534 facta
1250 471 1310 534 sibi

183 589 363 662 admittere,
399 608 450 649 res
486 605 526 648 ex
565 585 703 647 Platneri
736 593 843 647 mente
867 586 911 647 ita
938 584 1157 666 intellegenda
1181 587 1250 660 erit,
1276 594 1311 648 ut

183 703 294 765 omnia
329 700 410 763 haec
445 701 544 781 impie
575 699 659 761 sacta
689 699 768 760 nihil
800 698 842 761 ad
866 699 1010 761 divinam
1035 699 1310 779 gubernationem

182 818 375 898 pertineant.
422 813 489 876 Sed
513 815 568 895 qui
592 813 913 890 efficiatursamabo,
938 812 1002 874 hoc
1026 812 1127 875 modo
1151 812 1307 874 iustitiam

184 930 322 992 divinam
356 929 459 1008 magis
491 928 648 1006 integram
682 926 832 1003 evadere,
857 947 956 1008 quam
980 927 1005 987 si
1031 925 1123 986 Deus
1148 924 1308 1001 homines,

183 1044 281 1104 etiam
316 1041 372 1103 ubi
397 1041 495 1121 impie
518 1039 639 1120 aliquid
664 1048 831 1121 peragant,
856 1060 968 1121 regere
991 1045 1165 1120 putemus?
1214 1039 1307 1101 Deus
1388 1051 1391 1056 '

184 1158 270 1218 enim
307 1176 405 1217 omne
440 1154 824 1236 peccatum'prohibere
853 1162 990 1236 poterat,
1015 1153 1104 1235 quod
1129 1155 1154 1215 si
1178 1153 1309 1231 faceret,

184 1269 304 1331 iustitia
327 1268 435 1330 divina
459 1267 594 1328 omnino
617 1287 683 1328 non
707 1287 790 1348 opus
814 1276 908 1330 esset.

227 1376 389 1458 Ἀλάστωρ
415 1381 556 1462 denique
580 1382 647 1444 sive
671 1381 811 1443 daemon
825 1380 921 1456 ultor,
947 1381 1002 1462 qui
1015 1381 1157 1461 pristinis
1170 1381 1307 1443 alicuius

184 1495 303 1555 domus
338 1493 516 1555 sceleribus
551 1514 623 1555 eam
658 1495 724 1557 vim
759 1493 885 1570 incutit,
921 1503 957 1556 ut
991 1495 1112 1574 posteri
1148 1515 1186 1556 ea
1210 1497 1303 1558 novis

184 1608 361 1670 sceleribus
385 1606 593 1670 accumulent
621 1607 660 1687 1),
685 1606 835 1669 homines
858 1607 900 1669 ad
925 1605 1073 1689 improba
1096 1608 1180 1670 sacta
1195 1608 1306 1690 impel-

186 1721 249 1782 lere
272 1719 390 1782 dicitur
414 1721 534 1800 Agant.
564 1720 800 1799 1462'-1466:

216 1829 217 1834 λ
450 1833 686 1913 φανταζόμενα·
711 1832 742 1894 δὲ
767 1835 895 1911 γυναικὶ
919 1839 1026 1915 νεκροῦ

452 1928 539 2010 τοῖνδ’
563 1949 581 2008 ό
604 1944 742 2018 παλαιὸς
766 1945 874 2027 δριμιλς
897 1944 1046 2026 ἀλάστωρ

448 2059 595 2141 Ἀτρέως
619 2059 760 2142 χαλεποῦ
785 2064 975 2140 λλοννατῆρο,1

451 2171 536 2238 τόνδ’
560 2173 726 2235 ἀπέτεισεν

456 2285 560 2349 τέλεον
585 2294 706 2370 νιαροῖ,ὶ
731 2291 897 2361 ἐπιθύσας.

227 2402 337 2464 Verba
368 2403 454 2463 enim
486 2423 570 2484 quae
599 2414 675 2467 sunt
705 2403 943 2481 φανταζόμενα,ὶ
972 2404 1099 2478 γυναικὶ
1122 2404 1305 2484 significant

185 2514 455 2596 Clytaemestram
474 2537 572 2598 agere
584 2514 955 2600 ’sllo‘rocopoa’impulsm
982 2517 1093 2598 Quam
1105 2514 1305 2598 Ἀλάστορο,·

219 2712 240 2778 1)
257 2698 347 2777 Agunt.
367 2713 546 2778 1463-1465:

588 2810 601 2857 ὁ
620 2809 735 2867 παλαιὸς
754 2810 851 2877 δριμὺς
871 2810 993 2878 ἀλοὶοιοιρ

517 2901 635 2968 Ἀτρέως
654 2903 775 2968 χαλεποῦ
798 2906 962 2969 θοινατῆρος

517 2994 592 3042 τόνδ’
612 2995 762 3043 ἀπέτεισεν.
850 3021 853 3029 ·

215 3086 303 3149 Susyll.
321 3085 468 3148 398-400:

449 3177 512 3243 μήτ’
531 3180 541 3226 ἒ
549 3198 560 3226 ν
581 3179 651 3227 θεῶν
671 3173 793 3244 ἓίλραισιν
811 3164 858 3227 αλλ’
876 3178 1025 3244 ἱδρυμένας

448 3269 574 3326 ἐκδόντες
594 3271 662 3328 ὑμᾶς
680 3272 725 3317 τὸν
744 3269 925 3336 πανώλεθρον
946 3271 1012 3317 θεὸν

448 3365 540 3428 βαρὺν
558 3362 673 3416 ξύνοικον
693 3361 849 3426 θησόμεσθ’
869 3360 1014 3426 ἀλάστορα.

216 3448 373 3515 Ἀλάστορος
392 3452 429 3499 vis
445 3453 593 3502 describitur
612 3454 679 3517 Sept.
699 3465 845 3517 725—727:

549 3545 705 3610 παλαιγενῆ
723 3547 775 3612 γὰρ
794 3545 862 3611 λέγον

549 3639 711 3704 παρβασίαν
728 3635 879 3685 ὠκύποινον·

549 3731 631 3778 αἰῶνα
651 3728 707 3785 (λ’ἓς
728 3732 816 3794 τριῖιον
834 3730 916 3787 μένει.

217 3815 275 3864 lloc
303 3816 376 3880 igitur
407 3818 458 3866 lere
490 3819 558 3868 idem
590 3827 633 3884 est,
667 3821 734 3884 quod
768 3820 837 3869 Deus
869 3820 901 3868 de
926 3832 954 3868 se
980 3820 1033 3883 ipse
1062 3817 1190 3882 praedicat
1219 3817 1303 3866 Exod.

183 3908 239 3969 XX,
258 3920 286 3971 5:
313 3909 386 3972 „Ego
412 3925 467 3958 snm
495 3911 618 3973 Dominus
645 3913 714 3961 Dens
741 3911 890 3974 tunsionis,
909 3912 1008 3973 zelotes
1026 3910 1129 3959 visitans
1147 3909 1304 3972 iniquitatem
1363 3895 1366 3900 ¹

182 4007 279 4061 patrum
298 3999 323 4046 in
341 4000 413 4059 lilios,
432 4001 457 4048 in
475 4002 574 4050 tertiam
592 4013 616 4051 et
634 4011 747 4066 quartam
766 4003 953 4067 generationem
971 4019 1066 4060 eorum,
1085 3999 1127 4064 qui
1140 4001 1246 4049 oderunt
1255 4016 1303 4059 me,

181 4097 204 4138 et
223 4090 315 4139 iaciens
334 4092 531 4141 misericordiam
549 4093 574 4141 in
592 4095 662 4142 milia
680 4095 727 4154 his,
745 4095 789 4158 qui
808 4095 917 4158 diligunt
934 4112 973 4143 me
985 4102 1008 4143 et
1020 4092 1164 4142 custodiunt
1174 4100 1304 4157 praecepta

182 4181 263 4231 mea.”
289 4211 322 4219 —
349 4183 423 4232 Plura
448 4185 479 4233 de
504 4184 670 4252 Ἀλάστορος
696 4187 878 4251 significatione
901 4185 959 4235 vide
976 4187 1042 4251 apud
1060 4185 1245 4248 Naegelsbach,
1263 4186 1303 4234 De

181 4275 343 4338 religionibus
369 4274 494 4324 Orestiam
525 4276 643 4340 Aeschyli
670 4278 864 4338 continentibus,
884 4277 1007 4342 Erlangae
1028 4276 1099 4340 1843,
1117 4292 1132 4324 a
1149 4293 1174 4340 p.
1193 4291 1208 4340 9
1226 4293 1303 4340 usque

181 4366 313 4415 adfinem.

1146 4479 1168 4540 9
