3106 4822
656 996 811 1062 CAPUT
835 997 894 1060 IV.

599 1185 654 1247 Da
678 1199 740 1248 oui
764 1199 954 1250 nominas.

701 1400 845 1407 ---.-—.-

259 1606 372 1669 Restat
407 1614 443 1668 ut
477 1605 518 1667 de
553 1605 605 1666 dei
636 1605 813 1687 Aeschylei
844 1604 989 1669 bonitate
1025 1605 1143 1681 dicam,
1180 1625 1279 1687 quam
1306 1607 1342 1669 in

212 1721 281 1782 eius
304 1719 420 1781 sabulis
445 1720 580 1781 minime
603 1718 778 1782 desiderari
802 1741 844 1781 ex
868 1721 914 1796 iis,
940 1740 1024 1802 quae
1047 1718 1209 1800 prioribus
1222 1719 1341 1800 scripsi

212 1832 383 1915 capitibuS,
408 1834 472 1896 iam
496 1833 569 1896 luce
593 1833 710 1896 clarius
734 1843 793 1898 est.
818 1834 850 1896 N
855 1855 917 1896 unc
941 1843 1050 1897 tamen
1064 1834 1183 1910 omnia,
1196 1854 1282 1915 quae
1294 1836 1341 1896 ad

213 1947 298 2009 hanc
322 1968 390 2010 rem
414 1947 638 2010 illustrandam
657 1947 795 2010 alicuius
815 1957 891 2009 sunt
911 1949 1078 2024 momenti,
1091 1946 1205 2009 afferre
1217 1946 1340 2028 placet.

258 2062 446 2143 Unicuique
481 2062 590 2142 igitur,
614 2062 669 2142 qui
693 2045 853 2143 Aeschyli
877 2061 1062 2142 tragoedias
1086 2061 1235 2143 quamvis
1259 2081 1339 2143 pro-

212 2194 330 2256 perans
354 2174 523 2255 percurrit,
547 2175 612 2235 iam
636 2175 746 2237 statim
769 2175 978 2256 perspicuum
1003 2174 1046 2249 fit,
1071 2195 1136 2256 qua
1160 2175 1192 2236 in
1206 2193 1240 2235 re
1253 2173 1339 2236 haec

213 2289 265 2348 dei
301 2288 429 2350 bonitas
454 2289 596 2349 maxime
621 2288 789 2352 manifesta
812 2289 864 2364 sit,
888 2310 1034 2352 amorem
1059 2288 1338 2352 benevolentiam-

212 2422 276 2484 que
310 2399 343 2463 in
381 2400 529 2463 homines
564 2403 637 2463 dico
669 2411 700 2464 et
724 2401 992 2467 misericordiam.
1042 2403 1204 2466 Homines
1228 2423 1247 2464 a
1270 2402 1338 2464 deo

211 2517 311 2578 amari
331 2505 482 2596 'apparet
516 2537 559 2577 ex
596 2537 645 2589 e0,
670 2517 760 2598 quod
785 2518 895 2580 omnia
920 2517 1016 2595 bona,
1041 2518 1161 2600 quibus
1185 2516 1338 2579 homines

211 2631 367 2706 fruantur,
402 2651 421 2692 a
457 2630 519 2691 deo
554 2631 592 2692 iis
627 2630 760 2692 affluere
794 2633 956 2694 dicuntur.
1002 2632 1036 2695 Si
1067 2633 1154 2694 enim
1180 2631 1336 2694 mortales

212 2745 427 2828 prosperitate
451 2752 597 2819 utuntur,
624 2743 688 2806 hoc
712 2745 764 2807 dei
787 2745 969 2827 appellatur
992 2745 1116 2808 donum
1142 2744 1226 2824 Sept.
1250 2743 1335 2808 608:

391 2863 467 2921 θεοῖν
492 2856 525 2918 δὲ
550 2854 650 2938 δῶρόν
676 2859 761 2919 ἐστιν
787 2855 930 2940 εὐτυχεῖν
954 2859 1094 2942 βροτούς.
1124 2858 1152 2939 ι)

257 2973 351 3048 Item,
376 2974 402 3033 si
426 2982 512 3035 recte
535 2975 666 3055 sapiunt
687 2974 773 3037 Pers.
798 2973 880 3054 763:

390 3086 464 3156 θεό,·
486 3086 545 3166 γὰρ
570 3087 626 3149 οὐκ
650 3090 799 3169 ἤχθηρεν,
823 3111 864 3159 ως
889 3092 1009 3170 εὔφρων
1035 3086 1104 3166 ἔφυ.

258 3201 300 3264 Et
323 3200 442 3279 Agam.
468 3201 659 3282 891-892:

614 3316 667 3375 καὶ
691 3316 727 3375 τὸ
750 3317 791 3394 μὴ
817 3317 919 3387 trotarii,¹
942 3321 1065 3397 φρονεῖν

391 3431 468 3489 θεοῦ
491 3426 639 3508 μέγιστον
664 3426 773 3510 δῶρον.

256 3545 339 3606 Tam
362 3544 491 3625 penitus
515 3544 548 3604 iu
572 3542 742 3606 hominum
767 3544 883 3605 animis
903 3541 1057 3604 haerebat
1071 3544 1169 3605 deum
1184 3543 1332 3607 omnium

211 3659 375 3719 bonorum
410 3650 579 3720 auctorem
615 3678 697 3734 esse,
734 3666 769 3719 ut
803 3655 947 3739 populus
979 3655 1020 3718 ab
1046 3656 1182 3719 Eteocle
1206 3657 1334 3720 dicatur

212 3772 322 3834 omnia
357 3770 444 3833 bona
478 3772 520 3833 ad
555 3771 653 3834 deum
689 3770 819 3847 referre,
853 3771 939 3833 maia
961 3779 1069 3834 tamen
1094 3772 1134 3833 ad
1161 3771 1331 3834 Eteoclem

212 3883 311 3967 (Sept.
333 3884 452 3966 4-9)=
629 3988 639 3996 μ

341 4025 345 4032 ·
391 4001 419 4059 εἷ
441 4000 497 4077 μὲν
521 4000 580 4079 γὰρ
606 4001 639 4058 εν
665 3997 852 4078 πράξαιμεν,
878 3997 966 4057 αἰτία
990 4000 1079 4056 θεοῦ·

390 4114 417 4172 εἰ
442 4110 469 4173 δ’
494 4104 581 4189 αὖθ’,
606 4114 621 4172 ὅ
644 4115 685 4191 μὴ
709 4110 841 4189 γένοιτο,
866 4113 1009 4191 σνμρορά
1035 4113 1132 4191 τύχοι,

248 4332 270 4398 ι)
289 4333 340 4381 Cir.
358 4333 424 4384 Pers.
446 4335 589 4397 1⁶3-1743
606 4347 750 4399 452-453‚
