3106 4822
840 230 880 292 82

295 420 420 482 tristem
456 439 564 480 rerum
600 426 733 492 statum,
769 416 875 498 qualis
910 436 953 478 ex
989 417 1058 478 iure
1094 416 1230 478 naturali
1263 427 1432 491 oreretur„

296 534 443 595 renovari
479 551 544 592 non
580 531 700 594 siverit.
754 531 868 612 Atque
904 528 985 591 haec
1020 531 1215 610 praestantia
1250 530 1420 612 Areopagi

296 666 362 709 non
397 646 503 709 solum
539 648 570 710 in
606 667 646 709 eo
681 647 789 727 posita
823 655 882 720 est,
919 646 1009 727 quod
1041 647 1110 726 ipse
1144 646 1301 708 ultionem
1325 645 1420 708 effusi

296 763 465 843 sanguinis
489 762 644 843 suscepit,
669 763 725 824 sed
751 762 848 824 etiam
869 771 969 843 atque
989 761 1157 842 inprimis,
1170 762 1261 843 quod
1274 761 1431 824 moribus

296 877 414 938 civium
450 876 672 938 custodiendis
707 886 806 956 atque
839 884 926 937 metu
959 875 1130 956 proposito
1154 875 1276 936 nefaria
1299 874 1422 936 scelera

295 990 460 1070 praecavit
494 998 551 1051 aut
583 988 700 1051 saltem
724 988 878 1051 diminuit
936 986 1047 1068 Quam
1072 988 1114 1075 oh
1139 1008 1208 1049 rem
1232 987 1423 1069 Aeschylus

296 1101 478 1164 Minervam
512 1101 598 1163 hanc
632 1110 841 1182 potestatem,
871 1101 922 1162 cui
954 1100 1112 1181 Aeschyli
1144 1110 1250 1163 aetate
1274 1101 1421 1163 nonnulli

296 1215 531 1292 obtrectabunt,
555 1215 737 1296 Areopago
761 1199 956 1277 tribuentem
982 1215 1059 1276 secit
1082 1214 1188 1297 (Eum.
1209 1215 1419 1296 680—698):

857 1328 888 1387 ἐν
913 1324 946 1388 δέ
971 1332 1016 1407 τω
1040 1323 1134 1410 σέβας

451 1428 571 1507 (ἐστόνν,
595 1428 690 1511 ιμοβος
715 1451 747 1488 τε
772 1430 923 1505 σνχχενής
948 1429 983 1488 τό
1006 1431 1046 1506 μή
1072 1426 1194 1488 οέδικεῒν

453 1534 557 1610 σχήσει
583 1528 649 1589 τόδ’
672 1522 752 1607 ήμαρ
777 1531 829 1589 καί
854 1533 926 1589 κατ’
950 1527 1103 1609 εὐφρόνην
1128 1531 1220 1608 ομόις,

452 1627 560 1689 αντων
585 1626 727 1690 πολιτων
750 1633 791 1708 μή
814 1630 1045 1691 ’πικαινόντων
1070 1636 1192 1710 νόμους.

449 1736 564 1803 κακαῖς
588 1732 762 1810 ἐπιρροαῖσι
786 1733 924 1816 βορβόρῳ
949 1732 982 1791 θ’
1008 1729 1091 1812 ἐδωρ

453 1829 600 1911 λαμπρόν
623 1833 761 1911 μιαίνων
786 1833 902 1895 οὔποθ’
928 1831 1066 1912 εὑρήσεις
1090 1833 1200 1892 ποτόν.

454 1934 491 1993 τό
513 1933 585 2011 μήτ’
610 1937 750 2015 ἄναρχον
774 1939 853 2012 μήτε
881 1931 1132 2012 δεσποτούμενον

454 2034 562 2108 οἰστοῖς
586 2034 824 2116 περιστέλλουσι
847 2033 989 2120 βουλεύω
1013 2032 1126 2120 σε’βειν,

456 2138 508 2196 καί
532 2140 572 2216 μή
600 2139 635 2198 τό
659 2135 763 2198 δεινόν
789 2145 856 2198 πόιν
882 2135 1003 2207 πόλεως
1029 2135 1089 2210 ἐξω
1112 2133 1231 2220 βαλεῖν.

456 2237 504 2308 τίς
526 2239 586 2319 γὰρ
611 2236 757 2309 δεδοικὼς
779 2235 876 2319 μηδὲν
902 2235 1021 2308 ἔνδικος
1045 2237 1184 2320 βροτούς

455 2337 575 2398 τοιόνδε
602 2362 648 2399 τοι
673 2336 864 2424 supsidium
888 2337 1016 2411 ἐνδίκως
1040 2339 1142 2424 σέβας,

455 2437 555 2517 ἐρυμόι
580 2463 612 2500 τε
638 2441 740 2521 χώρας
764 2442 816 2500 καί
841 2437 963 2512 πόλεως
986 2447 1140 2521 σωτήριον

456 2537 552 2620 ἔχοιτ’
577 2543 617 2601 όν
642 2536 705 2604 οἷον
730 2545 817 2613 οότις
841 2539 1025 2622 ἀνθρώπων
1050 2540 1111 2622 ἔχει

409 2704 411 2706 .
456 2641 522 2703 οὔτ’
547 2643 580 2702 ἐν
605 2646 773 2725 Σκύθησιν
798 2647 870 2704 οότε
895 2639 1046 2714 Πέλοπος
1070 2643 1102 2706 ἐν
1127 2645 1243 2715 τόποις.

454 2740 570 2824 κερδων
594 2746 732 2808 ἄθικτον
758 2755 852 2808 τούτο
875 2741 1109 2829 βουλευτήριον,

456 2841 584 2921 αέδοῖον,
608 2843 782 2925 ὀξύθυμον,
807 2844 964 2911 εὑδόντων
990 2845 1069 2928 ὑπερ

459 2947 619 3029 ἐγρηγορὸς
641 2953 803 3029 φρούρημα
825 2957 881 3027 χής
905 2950 1113 3029 καθίσταμαι.

456 3053 577 3129 ταύτην
602 3051 656 3128 μέν
681 3047 807 3122 ἐξέτειν’
831 3051 913 3130 ἐμοῖς
938 3052 1125 3134 παραίνεσιν

454 3147 595 3214 (ἐστοῖσιν
620 3153 663 3222 εἷς
689 3154 724 3213 τό
748 3149 871 3213 λοιπόν.

299 3347 424 3395 amleuten
449 3347 509 3411 (vgl.
534 3347 598 3396 Oed.
623 3349 682 3397 Kol.
700 3362 751 3409 420
775 3351 826 3398 und
852 3351 935 3415 einige
960 3350 1054 3399 Stellen
1071 3350 1106 3397 im
1126 3350 1196 3413 Aias,
1214 3348 1238 3411 ja
1255 3348 1333 3396 selbst
1351 3363 1424 3396 wenn

299 3438 343 3499 sie,
361 3439 407 3486 wie
425 3438 564 3501 Aeschylos
582 3438 608 3486 in
627 3440 712 3488 seinen
731 3441 898 3504 Eumenideu,
916 3420 1426 3504 einealtehrwurdigestaatseinriehtung'

300 3529 344 3578 mit
362 3531 441 3578 Httlle
459 3531 504 3579 der
522 3530 609 3579 Poesie
626 3532 809 3596 vertheidigen,
827 3549 856 3580 so
873 3531 932 3581 durs
947 3549 1005 3580 man
1023 3533 1077 3580 dies
1096 3532 1165 3580 nicht
1182 3531 1302 3579 Tendenz
1318 3545 1426 3594 nennen,

299 3622 356 3671 weil
373 3623 417 3672 der
435 3624 487 3671 rein
505 3617 672 3672 ‹lichtcrische
690 3624 781 3672 Zu'eck
798 3625 911 3673 dadurch
929 3624 997 3672 nicht
1016 3624 1297 3687 heeintrttchtigtuvird,
1316 3622 1424 3679 sondern

298 3715 418 3779 lediglich
436 3731 479 3764 aus
495 3713 680 3780 patriotischem
698 3714 773 3764 Sinne
784 3717 1021 3780 hervorgegangene
1035 3715 1210 3779 Beziehungen
1221 3714 1267 3762 aul
1273 3694 1429 3778 allgemeine

300 3807 425 3856 Zusttnde
441 3807 491 3856 und
510 3807 631 3873 Fragen.''
1297 3799 1299 3803 ¹
