3106 4822
699 298 768 365 115.

166 475 364 557 perquirere,
389 474 544 555 namqui
568 473 694 555 possint
718 472 878 552 homineS,
903 495 988 557 quae
1005 495 1119 537 eorum
1132 484 1182 537 est
1195 475 1289 556 inops

137 606 260 651 'mens
303 598 402 670 atque
442 588 534 664 ratio,
576 587 722 649 divinam
757 589 915 651 rationem
950 590 1156 671 perspicere?
1190 588 1289 670 Quod

167 698 356 782 Aeschylus
392 719 525 782 quoque
561 700 669 778 sensit,
705 720 782 762 cum
818 698 928 781 Suppl.
958 701 1177 780 1015-1016
1200 700 1289 763 chori

166 823 293 896 partem
316 815 557 877 exclamantem
581 813 711 876 fecerit:

421 926 511 999 Aah·
535 925 570 988 ον
595 925 762 1009 παρβατός
785 926 872 988 ἔστιν

434 1023 557 1106 μεγάλα
580 1029 660 1110 φρὴν
683 1025 855 1109 οίπέρατος·

169 1150 202 1204 et
225 1141 302 1204 ibid.
332 1156 569 1223 1024-1025:

437 1255 469 1317 τί
491 1252 523 1318 δὲ
545 1252 648 1336 μέλλω
671 1253 770 1337 φρένα
794 1255 878 1317 Δίαν

437 1362 591 1446 καθορᾶν,
616 1359 696 1438 ὄψιν
720 1357 872 1441 άβοσσον;

216 1469 440 1533 Nihilominus
465 1471 568 1534 multa
590 1472 678 1554 apud
702 1469 909 1554 Aeschylum
934 1482 1121 1548 occurrunt,
1145 1495 1229 1556 quae
1252 1475 1293 1537 ad

170 1585 314 1648 divinam
339 1586 529 1667 sapientiam
553 1586 724 1667 pertinent.
750 1586 841 1647 Deus
861 1587 948 1648 enim
963 1586 1046 1648 velle
1059 1587 1177 1650 dicitur
1190 1588 1293 1650 homi-

170 1719 227 1760 nes
249 1699 365 1772 bonos,
389 1698 577 1774 clementes,
601 1698 789 1781 hospitales,
814 1701 928 1776 iustos,
953 1709 1055 1783 utque
1079 1701 1159 1764 haec
1183 1703 1297 1764 omnia,

172 1833 237 1875 uno
272 1812 373 1875 verbo
408 1798 685 1894 comprehendam
714 1812 754 1894 Ι),
789 1813 863 1894 pios
896 1833 980 1875 esse.
1015 1814 1131 1896 Itaque
1164 1814 1295 1877 Electra

172 1926 310 2003 dubitat,
345 1946 424 1988 num
460 1925 522 1987 diis
557 1926 609 2007 pia
643 1926 802 2000 videatur,
837 1925 862 1986 si
899 1945 955 1987 eos
991 1935 1071 2002 oret,
1110 1936 1145 1989 ut
1168 1929 1296 1989 mittant

171 2038 326 2120 aliquem,
351 2039 406 2120 qui
430 2046 568 2100 matrem
593 2045 707 2100 mutua
728 2046 832 2100 morte
846 2038 1020 2102 ulciscatur
1033 2037 1182 2122 (Chodplz.
1201 2040 1293 2122 115):

251 2224 272 2233 ¹,
330 2151 382 2211 καί
406 2149 669 2230 ταῦταμοιίστίν
693 2150 804 2235 εὐσεβῆ
827 2153 913 2216 θεῶν
938 2156 1039 2235 πάρα,·

218 2263 273 2326 Sic
296 2272 404 2326 autem
429 2263 579 2326 homines
604 2265 734 2326 minime
757 2267 866 2328 animo
889 2265 995 2328 affecti
1020 2276 1106 2340 sunt,
1131 2275 1167 2330 ut
1190 2288 1295 2348 perse

174 2377 234 2459 ipsi
261 2377 325 2438 sint
346 2376 392 2459 pii
416 2396 454 2438 ac
476 2377 568 2439 iusti:

331 2489 379 2560 τίς
401 2490 462 2572 γάρ
485 2485 633 2562 δεδοικὼς
654 2487 751 2571 μηδὲν
775 2487 897 2562 ἔνδικος
918 2493 1055 2575 βροτὼνς
1080 2492 1112 2574 2)

221 2603 331 2685 Quam
362 2604 406 2666 ob
430 2624 498 2666 rem
523 2602 586 2687 hoc
610 2606 754 2666 maxime
778 2605 905 2667 divinae
929 2606 1104 2687 sapientiae
1128 2608 1297 2687 proprium

175 2738 248 2779 esse
271 2716 411 2794 debebit,
436 2726 471 2779 ut
495 2717 594 2779 modo
618 2716 767 2780 homines
792 2726 890 2798 cogat
913 2719 958 2780 ita
981 2720 1099 2792 vivere,
1124 2718 1168 2779 uti
1194 2719 1297 2792 decet,

174 2830 276 2892 modo
299 2851 355 2892 eos
379 2831 423 2892 ita
446 2829 575 2904 afficiat,
601 2839 635 2892 ut
658 2830 846 2911 intellegere
870 2832 995 2893 discant
1018 2852 1052 2892 se
1076 2851 1141 2893 non
1166 2832 1298 2912 impune

174 2952 287 3005 contra
318 2944 443 3005 divinas
466 2943 556 3024 leges
578 2963 677 3023 agere
700 2964 798 3024 posse
822 2964 931 3024 exque
954 2943 1023 3006 sola
1046 2944 1162 3007 harum
1186 2944 1297 3026 legum

175 3056 382 3119 oboedientia
425 3055 610 3120 felicitatem
647 3059 745 3119 nasci.
782 3057 880 3119 lllud-
901 3067 1011 3120 autem
1047 3068 1095 3121 est
1131 3058 1230 3120 divini
1267 3061 1298 3121 in

175 3168 326 3234 homines
360 3172 491 3246 amoriS,
528 3171 592 3234 hoc
627 3172 756 3234 divinae
791 3170 941 3234 iustitiae.
990 3171 1090 3252 Quod
1123 3172 1309 3254 utrumque

177 3281 364 3364 Aeschylus
388 3285 451 3345 deo
475 3284 631 3346 attribuit.
658 3283 722 3347 Csr.
749 3306 775 3345 e.
801 3305 850 3367 gr.
875 3285 994 3364 figam.
1024 3286 1214 3350 161-168:

353 3400 442 3474 Ζῆνα
466 3394 499 3459 δέ
521 3420 571 3468 τις
595 3401 778 3479 προφρόνως
802 3398 943 3458 ἐπινίκια
968 3395 1091 3471 κλάζων

355 3496 501 3570 τεύξεται
525 3504 649 3581 φρενῶν
674 3502 710 3559 τὸ
734 3507 812 3560 πάν·

358 3601 413 3659 τὸν
437 3605 563 3679 φρονεῖν
587 3600 719 3684 βροτούς
742 3597 823 3662 ὀδω-

355 3719 468 3777 σαντα,
494 3703 548 3765 τόν
573 3704 674 3762 πάθοι
698 3704 804 3780 μάθος

355 3799 456 3864 θέντα
481 3803 592 3884 κυρίως
615 3801 707 3884 ἔχειν.

356 3901 463 3974 στάζει
488 3900 515 3963 δ’
541 3901 575 3964 έν
600 3901 635 3963 θ’
661 3901 751 3983 ,ὕπνῳ
776 3904 836 3986 πρὸ
861 3900 993 3984 καρδίας

355 4008 567 4085 μνησιπήμων
591 4008 698 4076 πόνος·
724 4006 776 4064 καί
800 4002 876 4087 παρ’
900 4008 939 4066 ά-

319 4137 324 4147 =
356 4126 472 4175 abaco,¹
496 4098 576 4183 ἦλθε
601 4111 784 4186 σωφρονεῖν.

215 4267 237 4330 1)
256 4267 322 4315 Vide
340 4283 366 4331 p.
387 4279 440 4314 122.

213 4345 237 4410 2)
255 4345 335 4396 Eum.
355 4346 411 4406 689.
