3106 4822
451 1068 522 1142 ou
548 1067 657 1142 ouo
684 1063 1024 1160 nescnrcuo

595 1467 879 1555 Pnoouuiuu.

218 1690 314 1754 Multi
351 1692 415 1754 iam
450 1693 581 1755 suerunt
616 1694 675 1755 viri
711 1693 809 1770 docti,
840 1695 894 1774 qui
918 1693 960 1756 de
983 1713 1091 1757 rerum
1116 1693 1299 1757 divinarum

175 1807 207 1868 in
232 1805 394 1888 Aeschyli
418 1807 596 1888 tragoediis
620 1807 813 1868 condicione
837 1808 1044 1889 scripserunt.
1076 1808 1148 1870 Nec
1172 1809 1303 1885 mirum,

176 1940 253 1982 nam
290 1921 374 1982 inter
417 1940 531 1983 omnes
565 1921 763 2002 antiquitatis
800 1919 944 1983 Graecae
979 1921 1143 1983 studiosos
1178 1930 1304 1984 constat

144 2049 145 2052 ’
174 2033 235 2096 has
259 2054 308 2096 res
332 2055 351 2095 a
376 2033 473 2096 nullis
497 2034 563 2096 fere
588 2033 789 2096 Graecorum
810 2043 876 2096 tam
889 2034 1054 2115 praeclare
1066 2043 1218 2097 tractatas
1230 2055 1304 2097 esse

175 2169 275 2230 quam
299 2148 340 2210 ab
364 2146 535 2229 Aeschylo
559 2147 624 2208 fieri
646 2148 803 2210 videmus.
830 2131 936 2230 Zeller
948 2168 976 2210 e.
989 2168 1037 2230 gr.
1052 2150 1145 2210 deco
1157 2149 1240 2210 dixit
1258 2148 1302 2232 1):

176 2261 254 2335 „Bei
289 2261 480 2342 Aeschylus
515 2259 629 2323 trefsen
654 2261 722 2322 ‘wir
758 2281 824 2323 nun
860 2262 952 2323 einen
987 2261 1086 2326 Ernst
1109 2263 1165 2324 der
1190 2260 1303 2324 Gesin·

175 2394 276 2456 nung,
320 2374 387 2436 eine
436 2371 524 2458 Tiefe
559 2372 618 2435 der
650 2372 815 2453 religiosor
860 2374 1067 2453 Weltansiclrt,
1104 2377 1176 2439 eine
1211 2376 1302 2438 iiber·

174 2488 370 2570 waltigende
406 2488 504 2551 Kraft
536 2489 601 2550 und
635 2487 905 2572 Grossartigkeit,
929 2492 989 2553 wie
1013 2492 1060 2553 sie
1084 2491 1143 2553 des
1167 2492 1304 2553 Mannes

174 2623 239 2665 von
274 2601 512 2665 altviiterlicher
546 2600 798 2686 Gediegenheit‚
834 2605 891 2666 des
920 2603 1147 2686 Mitkampfers
1184 2606 1215 2666 in
1239 2605 1303 2666 den

176 2735 313 2796 grossen
339 2714 642 2778 Persersehlachten
667 2717 795 2797 tvfirdig
818 2717 892 2780 ist.''
918 2717 990 2779 Nec
1015 2719 1122 2778 minus
1147 2716 1303 2780 Ltibkero

174 2831 343 2905 assentior,
380 2849 455 2892 cum
492 2830 524 2891 in
560 2830 719 2912 Aeschyli
754 2829 951 2893 Prometheo
976 2851 1121 2893 summas
1146 2851 1195 2892 res
1218 2831 1302 2893 disfi-

174 2943 378 3025 cillimasque
413 2945 620 3026 quaestiones
654 2945 793 3026 proponi
826 2943 904 3007 dicit
928 2945 971 3027 2).
1018 2945 1061 3007 Et
1085 2965 1171 3022 sane,
1196 2947 1222 3007 si
1247 2946 1303 3027 qui

174 3058 262 3139 apud
298 3055 445 3120 Graecos
480 3058 620 3135 suerunt,
657 3078 740 3139 quos
775 3056 864 3120 Mufs
893 3059 1010 3120 merito
1045 3059 1164 3122 dixerit
1196 3059 1228 3141 3)
1262 3059 1304 3121 ad

113 3158 115 3163 ⁵
175 3169 381 3233 Christianae
404 3171 477 3233 fidei
502 3170 681 3253 propylaea
704 3173 887 3252 pervenisse
899 3171 944 3253 4),
970 3173 1052 3234 inter
1075 3171 1136 3234 hos
1154 3173 1302 3254 princeps

176 3283 366 3365 Aeschylus
391 3285 451 3347 erit
475 3283 707 3346 numerandus
734 3284 811 3346 Hoc
834 3294 945 3348 autem
971 3287 1105 3348 minime
1116 3286 1304 3348 admirabile

175 3398 349 3472 videbitur,
373 3399 398 3460 si
422 3399 452 3459 in
478 3407 621 3460 mentem
643 3400 903 3462 revocaverimus
918 3409 1056 3482 tempus,
1071 3421 1138 3483 quo
1152 3400 1300 3481 Aeschy-

176 3510 226 3572 lus
263 3512 353 3575 vixit.
390 3511 477 3573 Nam
512 3513 538 3573 si
574 3512 628 3575 illa
662 3521 811 3595 tempora
846 3516 1040 3596 excipimus,
1076 3536 1159 3597 quae
1185 3513 1303 3576 Paulus

174 3624 344 3706 apostolus
375 3624 454 3687 dicit
485 3621 641 3711 πλήρωμα
675 3636 730 3689 τοὶ)
763 3631 875 3708 χρόνου
900 3629 954 3712 (ad
979 3627 1052 3691 Gal.
1078 3628 1137 3706 IV,
1161 3629 1206 3710 4),
1231 3629 1302 3709 qui·

211 3832 234 3897 1)
250 3833 338 3898 zeller,
358 3834 408 3884 Die
426 3835 590 3900 Philosophie
607 3837 652 3885 der
670 3837 805 3898 Griechen‚
824 3837 909 3901 Leipz.
930 3836 1002 3900 1875,
1019 3837 1055 3895 ΙΙ,
1072 3852 1096 3900 p.
1115 3847 1128 3900 5
1148 3835 1214 3902 (vide
1224 3838 1299 3885 etiam

176 3938 240 3988 quae
257 3924 412 3991 sequuntur).
903 3914 904 3917 Ἴ

207 4015 232 4080 2)
251 4016 291 4066 Fr.
317 4016 427 4077 Lanka,
446 4017 567 4082 Vortrttge
586 4020 646 4067 tiber
666 4019 775 4082 Bildung
792 4018 842 4066 und
861 4017 1055 4077 Christenthum,
1075 4018 1208 4082 Hamburg
1229 4020 1301 4082 1863,

175 4122 199 4170 p.
217 4117 280 4170 215:
298 4108 356 4166 „die
375 4109 494 4157 hochsten
513 4109 648 4157 Probleme
667 4111 711 4158 des
729 4109 919 4158 menschlichen
937 4110 1066 4169 Denkens,
1084 4109 1127 4159 die
1146 4111 1249 4159 Rarhsel
1261 4111 1306 4159 cler

176 4197 307 4256 Vernunlt,
315 4198 357 4247 die
367 4199 477 4248 hoheren
488 4200 705 4263 metaphysischen
716 4200 880 4248 Wahrheiten
890 4200 923 4247 im
934 4199 1062 4249 Gewande
1072 4201 1115 4248 cler
1124 4201 1305 4250 Dichtknnst.’»
1334 4227 1337 4233 ·

211 4289 236 4356 3)
255 4291 325 4355 Mun,
343 4291 409 4340 Zwei
427 4291 543 4354 Titanen,
561 4292 721 4341 Prometheus
740 4293 791 4339 und
809 4292 891 4351 Faust‚
910 4291 988 4341 Halle
1009 4293 1079 4355 1883,
1097 4309 1122 4356 p.
1141 4305 1163 4354 3.

208 4381 234 4446 4)
261 4383 286 4430 Is
304 4382 346 4445 qui
363 4383 425 4431 haec
443 4384 519 4432 verba
536 4384 646 4441 miratur,
664 4384 738 4448 legat,
756 4399 820 4447 quae
837 4385 999 4447 Augustinus,
1016 4384 1074 4432 licet
1092 4383 1224 4440 salsissima
1244 4386 1309 4443 sint„
