3106 4822
244 1478 347 1540 Erunt
371 1479 518 1554 fortasse,
542 1479 597 1560 qui
615 1479 654 1540 in
677 1477 740 1539 hoc
764 1477 873 1540 libello
898 1477 1053 1540 nonnulla
1072 1476 1318 1560 reprehendant.

199 1589 262 1653 Sed
287 1613 362 1654 cum
387 1593 419 1654 in
443 1592 679 1655 conscribendo
702 1591 766 1653 hoc
789 1592 951 1673 opusculo
971 1591 1060 1668 mihi,
1074 1594 1129 1674 qui
1143 1614 1216 1655 sero
1229 1593 1320 1656 nullo

199 1706 257 1767 nisi
291 1707 365 1768 Deo
389 1708 474 1769 duce
496 1707 537 1768 ad
562 1704 643 1768 haec
667 1707 775 1769 studia
797 1708 941 1788 perveni,
966 1706 1068 1770 multa
1091 1707 1255 1770 obfuerint
1277 1717 1319 1784 et,

199 1821 323 1882 etiamsi
348 1821 578 1901 impedimenta
598 1820 716 1882 fuerint
737 1819 836 1896 nulla,
852 1841 893 1882 ne
912 1829 981 1882 tum
1003 1821 1190 1902 quidemab
1203 1822 1320 1885 iuvene

199 1934 350 2014 imperito
375 1954 459 2014 opus
482 1935 635 1997 omnibus
660 1935 803 1996 numeris
822 1934 1001 2015 perfectum
1021 1943 1120 2017 atque
1132 1934 1319 1998 absolutum

200 2046 338 2127 flagitari
374 2049 488 2127 possit,
524 2068 619 2128 spero
655 2047 733 2122 lore,
770 2056 806 2108 ut
840 2049 871 2122 ii,
907 2049 963 2129 qui
998 2047 1038 2109 de
1068 2046 1132 2108 hoc
1160 2049 1320 2129 opusculo

198 2159 368 2221 iudicaturi
399 2162 472 2236 sint,
505 2162 536 2222 in
569 2161 744 2222 iudicando
767 2159 995 2227 benevolentia
1018 2162 1049 2222 in
1074 2181 1127 2222 me
1149 2161 1320 2245 indulgen-

197 2273 306 2354 tiaque
330 2282 471 2336 utantur.

158 2398 163 2409 '
241 2386 499 2468 Argumentum,
524 2389 613 2470 quod
639 2390 783 2465 tractavi,
814 2397 956 2469 praestat
973 2389 1134 2470 grauitate
1158 2390 1212 2465 rei,
1237 2389 1320 2452 diffi-

197 2499 370 2563 cultatibus
393 2502 555 2578 abundat;
582 2524 642 2565 nec
664 2481 774 2565 tamen
797 2502 882 2564 hanc
901 2522 970 2564 rem
983 2503 1147 2584 suscipere
1160 2503 1318 2580 dubitavi,

105 2626 109 2634 ·
197 2614 282 2693 quia,
319 2624 354 2677 ut
388 2616 494 2679 verbis
530 2615 667 2679 Orestae
699 2626 769 2680 utar
800 2616 905 2695 (Eum.
949 2616 1136 2698 274-275)
1174 2617 1204 2680 ἐν
1239 2614 1319 2697 τῷδε

199 2708 362 2805 πράγματὶ
385 2735 503 2807 φωνεῖν
527 2731 668 2812 ἐτάχθην
694 2733 771 2811 πρὸς
794 2737 890 2810 σοφοῦ
915 2726 1117 2807 διδασκάλους

242 2841 340 2902 Nunc
360 2852 480 2920 autem,
504 2844 558 2906 ubi
578 2844 641 2906 hoc
653 2827 737 2926 opus
750 2845 991 2927 qualecumque
1003 2843 1044 2906 ad
1059 2812 1156 2905 finem
1168 2843 1319 2925 perduxi,

198 2945 276 3024 mihi
297 2957 403 3020 facere
415 2956 519 3034 liceat,
533 2960 624 3040 quod
636 2960 699 3020 iam
714 2960 769 3021 diu
783 2959 975 3041 gestiebam,
990 2967 1026 3020 ut
1036 2958 1145 3040 palam
1158 2957 1319 3040 profitear,

198 3072 277 3152 quid
307 3070 376 3148 tibi,
407 3071 584 3134 clarissime
616 3072 764 3154 Woltjer,
796 3072 945 3149 debeam,
971 3081 1073 3154 utque
1095 3071 1151 3135 tibi
1176 3071 1318 3133 debitam

198 3185 334 3247 referam
370 3187 516 3266 gratiam.
563 3184 598 3248 Si
632 3187 716 3248 enim
747 3186 826 3268 quid
858 3186 951 3266 sapio
976 3187 1008 3248 in
1031 3186 1172 3267 antiquis
1196 3185 1318 3261 litteris,

197 3301 223 3360 si
250 3298 347 3361 ullam
372 3319 466 3361 verae
487 3299 640 3361 scientiae
662 3301 829 3362 notionem
848 3300 985 3376 obtinui,
999 3298 1078 3361 haec
1090 3298 1150 3361 tibi
1163 3300 1319 3381 imprimis

198 3412 315 3474 debeo.
342 3412 512 3494 Quantum
536 3423 646 3476 autem
670 3414 811 3477 fructum
836 3415 905 3496 cepi
931 3434 973 3476 ex
997 3423 1054 3475 tua
1073 3413 1319 3489 consuetudine,

199 3547 264 3607 qua
292 3547 343 3588 me
371 3527 547 3608 praecipue
570 3527 634 3590 hoc
657 3528 830 3591 triennium
854 3529 922 3591 fere
945 3528 1103 3593 cotidiana
1130 3548 1225 3590 usum
1249 3549 1321 3589 esse

200 3641 276 3704 satis
299 3641 470 3703 aestimare
495 3642 552 3702 vix
575 3642 727 3723 possum!
761 3642 889 3724 Quodsi
914 3643 992 3725 quid
1016 3645 1048 3705 in
1072 3643 1136 3705 hoc
1159 3642 1320 3724 opusculo

200 3755 347 3818 utilitatis
383 3756 489 3817 inesse
524 3756 681 3830 videatur,
718 3776 823 3838 neque
855 3778 908 3819 me
937 3756 1074 3819 alterum
1107 3755 1320 3819 Pha'e'tontem

199 3888 270 3931 esse
304 3877 469 3951 appareat,
500 3868 560 3931 has
591 3870 749 3952 primitias
780 3891 907 3935 summa
932 3890 1007 3931 cum
1031 3872 1240 3933 veneratione
1262 3869 1319 3933 tibi

185 3981 312 4046 offero.
361 3983 418 4044 Me
459 3992 569 4046 autem
605 3984 733 4046 felicem
774 3983 937 4065 praedico,
974 3983 1065 4064 quod
1102 3982 1320 4066 Gymnasium

200 4106 346 4160 nostrum
383 4098 623 4175 Reformatum,
656 4098 746 4180 quod
777 4098 851 4160 Deo
882 4107 1024 4180 tuaeque
1057 4099 1201 4161 maxime
1224 4119 1321 4160 curae

199 4211 367 4290 debemus,
397 4233 496 4275 causa
527 4212 636 4275 futura
666 4214 716 4289 sit,
740 4232 799 4273 cur
822 4213 919 4274 etiam
944 4214 975 4274 in
999 4221 1165 4294 posterum
1189 4221 1319 4295 tempus

198 4334 256 4388 tuo
288 4327 441 4409 exemplo
472 4346 539 4388 non
568 4347 706 4402 caream,
732 4347 791 4387 nec
815 4327 933 4387 summi
958 4324 1118 4408 philologi
1144 4328 1319 4407 imaginem

198 4440 374 4502 exanimo
397 4440 554 4503 amittam.
