3106 4822
762 273 780 335 8

212 462 353 524 nubibus
388 463 419 523 in
455 469 583 523 montes
618 460 829 523 descendunt.
878 460 979 541 Quod
1016 461 1057 522 ad
1092 461 1181 541 prius
1218 482 1333 543 genuS,

210 575 300 656 quod
335 576 467 656 originis
503 575 629 637 divinae
664 572 834 656 appellavi,
871 582 998 636 constat
1032 594 1146 636 omnes
1183 573 1333 640 homines

210 690 374 772 quandam
421 689 484 751 Dei
515 689 694 765 scientiam,
729 689 771 750 ab
805 686 992 750 hominibus
1016 689 1061 750 eis
1086 708 1150 750 non
1174 690 1334 766 traditam,

129 808 133 815 '
211 802 340 866 habere.
367 804 459 866 Haec
482 804 615 865 scientia
637 803 753 884 partim
778 803 887 864 innata
911 810 970 879 est,
990 802 1107 883 partim
1121 801 1336 884 proficiscitur

212 937 254 978 ex
277 916 432 997 operibus
456 915 530 991 Dei,
554 915 672 997 partim
695 934 738 976 ex
763 914 800 975 iis
825 914 932 989 rebuS,
958 934 1043 994 quae
1066 911 1159 976 nobis
1173 916 1335 991 accidunt,

212 1014 295 1112 ¹quas
318 1031 385 1092 irae
407 1039 463 1092 aut
485 1027 734 1092 benevolentiae
757 1028 884 1089 divinae
909 1027 1110 1090 ascribimus.
1128 1026 1159 1113 1)

256 1143 432 1207 Scientiam
467 1143 610 1225 aliquam
636 1143 698 1203 Dei
723 1142 866 1203 innatam
891 1161 962 1203 esse
985 1141 1185 1218 hominibus,
1209 1143 1250 1203 de
1275 1141 1336 1206 hac

214 1280 247 1322 re
281 1258 346 1321 sere
381 1278 505 1333 omnes,
536 1265 603 1319 tam
638 1255 774 1336 antiqui,
809 1275 908 1336 quam
942 1256 1139 1317 recentiores
1163 1257 1336 1338 scriptores
1384 1343 1385 1346 Ἴ

213 1373 430 1435 consentiunt.
491 1371 625 1452 Hodge,
673 1370 728 1432 ubi
764 1370 805 1431 de
841 1367 902 1431 hac
937 1390 971 1431 re
1006 1370 1144 1443 disserit,
1172 1381 1203 1453 2)
1237 1369 1338 1432 verba

214 1490 240 1551 Ι.
275 1486 399 1550 Caluini
434 1484 545 1547 laudat
581 1484 737 1569 (Institut.
774 1485 800 1560 I,
837 1485 867 1559 3,
893 1483 946 1566 3l:
973 1485 1071 1559 „Hoc
1095 1485 1228 1566 quidem
1253 1491 1338 1545 recte

214 1601 433 1663 iudicantibus
456 1619 585 1680 semper
608 1598 778 1674 constabit,
813 1597 1012 1681 insculptum
1037 1598 1201 1660 mentibus
1224 1595 1339 1659 huma·

215 1716 263 1778 nis
287 1735 359 1776 esse
383 1713 558 1775 divinitatis
582 1731 722 1787 sensum,
747 1713 801 1792 qui
826 1710 924 1773 deleri
949 1731 1014 1773 non
1038 1707 1178 1792 potest.”
1220 1696 1339 1774 Paulus

215 1830 256 1892 ad
294 1829 392 1891 Rom.
417 1827 458 1902 ΙΙ,
498 1839 533 1905 15
572 1825 613 1887 de
648 1825 763 1888 eadem
788 1845 822 1887 re
845 1824 988 1907 scripsit:
1016 1824 1155 1900 ,οἵτινες
1179 1826 1233 1907 (τὰ
1257 1823 1340 1904 ἔθνη

216 1943 294 2026 scil.)
329 1938 547 2006 ἐνδείκνυνται
591 1939 628 2019 τὸ
669 1936 760 2017 ἔργον
795 1944 851 1998 τοῦ
887 1941 973 2018 νόμοι
1015 1938 1161 2018 γραπτὸν
1197 1939 1230 1998 ἐν
1267 1943 1340 2009 ταῖς

216 2053 361 2137 καρδίαις
403 2056 524 2130 αὑτῶν,
569 2056 850 2132 συνμαρτυρούσης
890 2049 999 2113 αὐτῶν
1034 2056 1090 2130 τῆς
1125 2050 1340 2131 συνειδήσεως,

217 2172 270 2231 καί
303 2154 425 2249 μεταξύ
460 2162 608 2244 ἀλλήλοιν
644 2166 710 2226 τῶν
745 2162 900 2244 λογισμῶν
936 2167 1201 2248 κατηγορούντων
1241 2172 1259 2246 ι)
1289 2168 1341 2227 καί

218 2277 515 2362 ιίιιολογοομένων”.
542 2285 572 2360 3)
597 2272 640 2343 Et
662 2280 750 2361 apud
775 2278 968 2343 Ciceronem
992 2280 1134 2364 legimus
1148 2283 1214 2364 (De
1227 2291 1342 2345 natura

218 2396 355 2458 deorum
391 2395 416 2469 I,
456 2391 528 2472 17l:
567 2393 669 2469 „Esse
704 2393 794 2470 deOS,
819 2395 975 2474 quoniam
1000 2395 1112 2458 insitas
1136 2417 1262 2473 eorum,
1289 2395 1354 2459 vel.

218 2510 326 2592 potius
371 2509 496 2570 innatas
541 2507 745 2588 cognitiones
791 2505 982 2570 habemus.’'
1031 2511 1160 2573 Eodem
1201 2511 1341 2593 denique

217 2623 356 2706 pertinet
380 2621 424 2699 id,
449 2610 539 2703 qubd
564 2620 733 2702 Antigona
756 2619 888 2684 Creonti
903 2623 1078 2704 respondet
1091 2622 1205 2707 (Soph.
1220 2625 1297 2686 Ant.
1308 2623 1342 2704 4)

218 2737 418 2819 450-47o)‚
444 2757 519 2800 nam
542 2736 632 2818 quod
656 2736 776 2799 Paulus
800 2738 886 2815 (vide
910 2743 1020 2820 supra)
1043 2741 1189 2819 γραπτὸν
1216 2742 1248 2800 ἐν
1273 2743 1343 2811 ταῖς

220 2850 365 2932 καρδίαις
398 2853 485 2929 dicit,
522 2849 703 2932 Sophocles
737 2852 879 2933 appellat
902 2855 1056 2933 ἄγραπτα
1081 2849 1227 2932 κάσφαλῆ
1257 2854 1342 2914 θεῶν

220 2971 336 3046 νόμιμα
382 2966 424 3048 (v.
459 2962 659 3046 454-455).
712 2966 823 3047 Ipsum
869 2976 980 3030 autem
1025 2966 1234 3049 Aeschylum
1284 2967 1343 3030 has

220 3082 345 3144 divinas
380 3078 470 3160 leges
504 3077 667 3141 humanae
698 3081 796 3142 menti
820 3078 999 3164 insculptas
1023 3103 1119 3144 nosse
1142 3089 1276 3163 apparet
1299 3102 1342 3145 ex

220 3198 270 3274 iis,
294 3216 377 3277 quae
400 3194 555 3289 leguntur
578 3193 689 3274 Suppl.
712 3193 913 3275 673-675:

459 3303 461 3307 '
488 3297 523 3355 τὸ
546 3295 606 3374 γὰρ
630 3298 790 3355 τεκόντων
814 3293 909 3378 σέβας

487 3395 595 3476 τρίτον
620 3392 686 3456 τόδ’
708 3397 741 3456 ἐν
766 3396 908 3476 θεσμίοις

487 3496 587 3567 Δίκας
610 3494 788 3576 γέγραπται
812 3499 1050 3579 μιγιστοτίμοο.
1078 3500 1108 3581 5)

257 3648 280 3714 1)
304 3647 408 3697 Drouke
425 3646 457 3696 de
471 3646 512 3695 his
528 3645 619 3695 divinis
636 3645 747 3696 sontibus
764 3647 878 3711 loquitur
896 3649 957 3713 Cap.
975 3649 999 3707 6,
1021 3661 1034 3711 7
1052 3647 1119 3714 (pag.
1137 3648 1254 3712 22-24),
1272 3655 1347 3712 negat

221 3753 304 3795 tamen
322 3739 476 3803 Aeschylum
493 3739 569 3787 deum
586 3754 617 3787 ex
635 3738 687 3786 eius
704 3739 820 3804 operibus
838 3740 877 3806 (ex
896 3755 977 3788 rerum
995 3738 1092 3805 natura)
1109 3740 1243 3804 agnovisse
1254 3739 1287 3805 (p.
1305 3752 1346 3799 24,

222 3840 307 3882 annot.
325 3833 358 3898 8),
375 3833 420 3881 sed
437 3831 572 3890 immerito,
590 3830 649 3880 vide
665 3847 692 3896 p.
710 3831 784 3895 8-9.
1095 3832 1096 3836 ’

255 3935 280 3991 2)
300 3924 447 3989 Systematic
466 3923 608 3988 Theology,
627 3923 709 3972 Lond.
727 3923 749 3973 81
767 3923 861 3974 Edinb.
882 3925 954 3988 1883,
972 3927 993 3985 I,
1015 3925 1154 3989 194-196.

255 4015 280 4081 3)
298 4015 325 4064 Si
343 4015 411 4064 enim
428 4015 474 4064 has
490 4015 589 4064 divinas
606 4015 675 4080 leges
693 4015 719 4064 in
736 4015 853 4065 cordibus
871 4017 961 4066 nostris
978 4017 1083 4082 scriptas
1100 4015 1269 4081 agnoscimus,
1285 4015 1347 4065 haec

225 4109 303 4174 ipsius
320 4106 361 4155 dei
378 4107 492 4170 cognitio
509 4107 559 4156 dici
577 4115 667 4172 potest.

255 4198 282 4265 4)
299 4199 349 4247 Ed.
367 4198 417 4247 Th.
436 4199 528 4265 Bergk,
548 4200 617 4265 Lips.
639 4199 710 4264 1858.

257 4292 283 4355 5)
299 4289 348 4340 Cn.
367 4291 458 4354 Agant.
480 4302 611 4355 1522-23
629 4298 695 4357 etp.
713 4291 753 4355 98,
773 4293 815 4341 ubi
835 4293 867 4342 de
884 4290 997 4356 pluribus
1017 4289 1141 4340 eiusmodi
1158 4289 1255 4357 legibus
1274 4291 1348 4356 (quae

227 4384 329 4445 θέσμια
347 4382 456 4451 appellat
473 4382 622 4450 Aeschylus)
643 4399 724 4433 sermo
742 4391 785 4436 est.
