3106 4822
722 220 764 281 24

178 390 233 470 qui
276 398 326 451 est
369 390 483 451 unicus
524 410 618 471 asper
661 390 812 472 princeps
855 412 960 472 neque
1002 393 1160 455 rationem
1196 394 1302 456 reddit
1388 457 1390 460 ,

178 504 339 566 factorum
364 523 498 565 suorum
522 502 638 586 (Proin.
665 503 758 587 328):

356 619 474 697 τραχύς
497 619 654 697 μόναρχος
678 614 744 677 oiul'
767 619 951 689 fumiferum
976 624 1095 698 aprini.

178 731 233 812 qui
258 729 317 791 diis
336 729 477 792 honores
502 730 663 793 distribuit
688 730 776 812 (ibid.
803 752 833 794 ν.
859 731 946 814 232)
961 728 1107 810 δαίμοσιν
1122 731 1203 812 νέμω
1217 730 1303 812 γέρα.

223 842 343 907 Civitas
379 844 517 906 deorum
547 845 646 925 igitur
669 845 850 925 comparari
873 853 981 925 potest
1004 866 1081 908 curn
1104 847 1179 908 aula
1202 847 1303 927 regia,

179 958 232 1020 ubi
278 978 361 1019 unus
397 977 456 1019 rex
491 966 548 1033 est,
583 959 638 1040 qui
674 958 825 1020 omnibus
861 959 1009 1040 imperat,
1045 958 1158 1039 reliqui
1194 966 1305 1020 autem

178 1092 292 1134 omnes
317 1073 346 1133 ei
370 1073 523 1146 serviunt,
549 1072 603 1152 qui
628 1071 784 1152 quicquid
809 1079 894 1146 sunt,
919 1071 983 1133 hoc
1007 1080 1154 1153 suntper
1168 1092 1254 1133 eum.
1277 1073 1305 1152 ι)

178 1183 232 1246 Sic
255 1186 334 1256 Zeti,¹
358 1205 441 1247 unus
465 1185 653 1248 verissimus
677 1184 762 1246 deus
781 1193 839 1262 est,
855 1185 885 1268 2)
912 1205 1019 1266 neque
1042 1186 1112 1247 sine
1136 1206 1176 1247 eo
1190 1184 1242 1246 alii
1257 1185 1300 1246 dii

179 1299 314 1379 cogitari
348 1307 487 1381 possunt
522 1298 575 1380 (ne
597 1307 690 1380 pater
713 1300 846 1380 quidem
871 1298 964 1381 eius),
988 1319 1064 1360 cum
1089 1299 1167 1361 Iove
1191 1306 1301 1360 autem

179 1422 211 1475 et
233 1413 293 1475 sub
317 1433 356 1474 eo
379 1412 466 1495 apud
490 1419 622 1494 poetam
647 1412 748 1475 nihilo
771 1413 845 1495 plus
869 1412 988 1490 valent,
1014 1433 1114 1493 quarn
1139 1412 1245 1493 angeli
1271 1413 1301 1473 in

179 1524 287 1588 Sacris
312 1525 431 1588 Libris.

224 1640 267 1703 ΙΙ.
300 1639 441 1720 Quam
473 1640 708 1702 rationem
743 1642 856 1708 Ζεύς
892 1661 989 1702 cum
1025 1638 1305 1702 horninibus

179 1752 362 1816 habeat.
387 1753 418 1834 3)

225 1869 269 1931 Ut
293 1868 367 1944 diis,
391 1869 436 1929 sic
460 1866 648 1930 hominibus
671 1869 751 1936 Ζεύς
775 1875 824 1929 est
848 1869 955 1947 πατὴρ
980 1875 1011 1929 et
1030 1863 1188 1951 puntiau.
1214 1866 1302 1947 Quid

178 1990 287 2044 autem
322 1981 503 2063 significant
533 1981 612 2044 haec
637 1981 769 2042 nomina
793 1981 825 2042 in
849 2000 906 2043 ore
929 1978 1125 2043 hominum?
1149 1985 1181 2058 4)
1228 1981 1306 2042 Non

180 2095 286 2157 solum
310 2105 483 2176 propterea
505 2091 654 2179 βασιλεῦς
679 2094 806 2172 dicitur,
831 2095 920 2176 quod
945 2104 994 2157 est
1014 2117 1073 2158 rex
1085 2096 1236 2172 deorum,
1249 2096 1306 2157 sed

179 2210 277 2272 etiarn
314 2210 392 2290 quia
428 2229 486 2270 rex
520 2216 570 2271 est
600 2211 747 2305 ompium
782 2207 965 2274 hominum.
1014 2208 1092 2291 Quo
1116 2230 1214 2272 sensu
1240 2228 1306 2271 non

180 2323 286 2384 minus
311 2329 361 2384 est
383 2318 468 2393 ἄναξ
491 2292 753 2399 rivaxcwffeum
779 2324 812 2385 in
834 2332 920 2386 terra
933 2344 1067 2405 quoque
1079 2324 1143 2386 sint
1156 2325 1304 2392 ἄνακτες.

180 2434 248 2497 Cur
283 2435 383 2516 igitur
413 2434 561 2498 homines
586 2437 700 2499 Iovem
725 2436 889 2519 appellent
912 2458 1009 2499 suum
1036 2441 1170 2517 regern?
1216 2434 1303 2515 Quia

178 2550 258 2618 Ζεύς
291 2549 323 2610 in
358 2568 415 2610 eos
451 2549 548 2612 habet
582 2551 632 2612 ius
667 2553 752 2614 vitae
786 2560 819 2614 et
854 2551 942 2613 necis
985 2549 1069 2632 (vide
1093 2549 1173 2612 infra
1196 2549 1301 2610 Prom.

180 2662 377 2745 234—236),
412 2665 488 2745 quia
521 2663 670 2727 homines
704 2665 784 2728 nihil
808 2666 912 2728 lacere
935 2672 1075 2746 possunt
1096 2666 1175 2726 Iove
1199 2665 1300 2725 invito

179 2779 309 2861 (Agant.
336 2776 580 2863 1448—1449):

184 2979 426 2987 ——-—

215 3108 236 3162 1)
256 3101 409 3165 D1·onl‹e‚pr
429 3102 511 3163 8-9:
531 3103 610 3165 „Also
629 3101 672 3150 der
691 3101 847 3150 Glittervater
864 3101 939 3150 selbst
957 3100 987 3149 ist
1005 3100 1078 3148 allein
1097 3099 1159 3148 Gott
1177 3099 1211 3146 im
1220 3099 1304 3146 vollen

180 3191 257 3243 Sinne
283 3193 328 3240 des
348 3194 453 3251 Wortes‚
471 3193 558 3240 besitzt
576 3193 602 3240 in
620 3193 670 3240 und
689 3209 734 3240 aus
751 3193 805 3241 sich
823 3193 901 3241 selbst
919 3192 960 3241 rlie
979 3193 1051 3240 ane
1068 3192 1131 3240 aller
1149 3191 1235 3240 Macht
1251 3191 1303 3239 und

179 3283 429 3342 Volllrommenheit3
452 3301 507 3331 ruas
524 3285 563 3332 die
581 3285 694 3332 aracleren
717 3285 802 3332 Grrtrr
819 3285 882 3332 sind
897 3285 954 3332 und
968 3285 1056 3342 haben,
1074 3283 1135 3331 sind
1149 3283 1206 3330 und
1220 3283 1303 3330 haben

152 3383 167 3489 f)
178 3376 214 3424 sie
231 3377 259 3423 in
276 3377 334 3423 und
348 3376 429 3423 druch
450 3376 537 3424 Zens.''
567 3375 658 3439 (Miror
676 3392 716 3424 me
734 3377 760 3424 in
779 3377 886 3424 Dronkii
904 3377 976 3437 libro,
994 3392 1068 3439 quem
1082 3382 1140 3423 ante
1164 3374 1306 3422 absolutum

138 3452 163 3541 ξιξ)
179 3469 228 3515 hoc
248 3468 394 3531 opusculum
413 3483 464 3514 non
488 3468 513 3515 in
539 3468 655 3515 manibus
679 3468 766 3530 habui,
789 3474 841 3516 tam
868 3467 946 3516 multa
972 3467 1106 3528 invenisse,
1133 3482 1196 3530 quae
1214 3465 1304 3513 iisdem

146 3550 160 3601 ἰ’
178 3574 257 3623 paene
274 3559 356 3606 verbis
373 3558 399 3606 in
417 3559 466 3606 hoc
482 3558 548 3606 libro
564 3557 670 3623 scripsi.)

214 3653 237 3712 2)
257 3650 370 3708 Dronke,
387 3666 411 3714 p.
430 3662 543 3714 54-55:
561 3649 614 3710 „Er
631 3649 721 3715 (Ζεὺς)
740 3667 790 3698 war
808 3650 860 3698 ihm
877 3649 1023 3716 (Aeschylo)
1041 3651 1087 3698 der
1104 3649 1199 3712 einzige
1216 3649 1302 3696 walir-

179 3743 250 3807 lmfle
271 3743 354 3791 Gell.'’

214 3837 237 3898 3)
257 3834 379 3882 Memoria
396 3835 532 3884 tenendum
550 3845 594 3893 est,
612 3851 677 3883 nunc
695 3835 775 3883 solum
793 3835 825 3883 de
843 3834 873 3882 iis
893 3835 966 3884 rebus
973 3850 1112 3884 sermonem
1123 3850 1176 3884 esse
1186 3835 1306 3900 futurum,

179 3940 242 3987 quae
257 3924 289 3971 ad
308 3926 521 3975 monothel'smum
538 3926 686 3991 pertineant.

212 4018 238 4078 4)
273 4016 293 4064 1.
311 4032 332 4064 e.
350 4016 481 4065 hominum
501 4017 706 4080 Aeschyleornm.
734 4000 808 4081 Apud
827 4017 889 4065 alios
909 4018 1018 4066 Graecos
1036 4018 1104 4066 aliud
1121 4017 1306 4080 significabant.

181 4106 322 4155 Heraclitus
339 4106 382 4155 ille
401 4107 525 4172 Ephesius
543 4124 563 4156 e.
582 4125 618 4171 gr.
638 4109 731 4157 bellurn
750 4115 823 4157 vocat
840 4116 936 4174 patrem
954 4116 977 4158 et
996 4126 1088 4174 regem,
1107 4108 1202 4157 bellum
1220 4116 1304 4158 autem

180 4204 203 4246 et
230 4199 318 4245 lovem
344 4197 410 4246 idern
429 4214 482 4246 esse
500 4205 571 4262 putat
588 4200 654 4262 (virle
675 4200 742 4247 Hist.
760 4200 939 4265 philosophiae
957 4201 1067 4250 Graecae
1087 4201 1177 4249 Ritteri
1195 4207 1219 4249 et
1237 4199 1305 4248 Prel-

179 4290 233 4349 leri,
252 4289 351 4337 (iothae
370 4288 441 4348 1888,
459 4307 483 4354 p.
503 4290 611 4354 28-29.
