<?xml version="1.0" encoding="UTF-8"?>
<!DOCTYPE html PUBLIC "-//W3C//DTD XHTML 1.0 Transitional//EN"
    "http://www.w3.org/TR/xhtml1/DTD/xhtml1-transitional.dtd">
<html xmlns="http://www.w3.org/1999/xhtml" xml:lang="en" lang="en">
 <head>
  <title>
</title>
<meta http-equiv="Content-Type" content="text/html;charset=utf-8" />
  <meta name='ocr-system' content='tesseract 3.04.00' />
  <meta name='ocr-capabilities' content='ocr_page ocr_carea ocr_par ocr_line ocrx_word'/>
</head>
<body>
  <div class='ocr_page' id='page_1' title='image "./dedeoaeschyleo00fiscgoog_0057.png"; bbox 0 0 3106 4822; ppageno 0'>
   <div class='ocr_carea' id='block_1_1' title="bbox 764 294 807 355">
    <p class='ocr_par' dir='ltr' id='par_1_1' title="bbox 764 294 807 355">
     <span class='ocr_line' id='line_1_1' title="bbox 764 294 807 355; baseline 0 -15"><span class='ocrx_word' id='word_1_1' title='bbox 764 294 807 355; x_wconf 86' lang='lat'>42</span> 
     </span>
    </p>
   </div>
   <div class='ocr_carea' id='block_1_2' title="bbox 208 455 1426 1798">
    <p class='ocr_par' dir='ltr' id='par_1_2' title="bbox 393 455 1171 547">
     <span class='ocr_line' id='line_1_2' title="bbox 393 455 1171 547; baseline -0.003 -21"><span class='ocrx_word' id='word_1_2' title='bbox 393 488 464 547; x_wconf 84' lang='grc' dir='ltr'><strong><em>ηιαι</em></strong></span> <span class='ocrx_word' id='word_1_3' title='bbox 488 467 528 544; x_wconf 81' lang='grc' dir='ltr'>μὴ</span> <span class='ocrx_word' id='word_1_4' title='bbox 554 461 660 526; x_wconf 69' lang='grc' dir='ltr'><strong><em>τέλεον</em></strong></span> <span class='ocrx_word' id='word_1_5' title='bbox 686 460 794 534; x_wconf 74' lang='grc' dir='ltr'><strong><em>δόντες</em></strong></span> <span class='ocrx_word' id='word_1_6' title='bbox 818 461 900 544; x_wconf 68' lang='grc' dir='ltr'><strong><em>ἔχειν</em></strong></span> <span class='ocrx_word' id='word_1_7' title='bbox 924 465 1002 543; x_wconf 78' lang='grc' dir='ltr'><strong><em>παρ’</em></strong></span> <span class='ocrx_word' id='word_1_8' title='bbox 1025 455 1118 523; x_wconf 79' lang='grc' dir='ltr'><strong><em>αἶσαν</em></strong></span> <span class='ocrx_word' id='word_1_9' title='bbox 1141 462 1171 545; x_wconf 81' lang='grc'>1)</span> 
     </span>
    </p>

    <p class='ocr_par' dir='ltr' id='par_1_3' title="bbox 208 576 1426 1798">
     <span class='ocr_line' id='line_1_3' title="bbox 270 576 1348 661; baseline -0.005 -18"><span class='ocrx_word' id='word_1_10' title='bbox 270 580 368 661; x_wconf 80' lang='lat' dir='ltr'>Quod</span> <span class='ocrx_word' id='word_1_11' title='bbox 405 602 477 660; x_wconf 86' lang='grc' dir='ltr'><strong><em>ηκαι</em></strong></span> <span class='ocrx_word' id='word_1_12' title='bbox 514 586 676 642; x_wconf 89' lang='lat' dir='ltr'>mutatum</span> <span class='ocrx_word' id='word_1_13' title='bbox 710 586 759 641; x_wconf 89' lang='lat' dir='ltr'>est</span> <span class='ocrx_word' id='word_1_14' title='bbox 792 579 825 640; x_wconf 90' lang='lat' dir='ltr'>in</span> <span class='ocrx_word' id='word_1_15' title='bbox 855 580 876 658; x_wconf 78' lang='grc' dir='ltr'>ι)</span> <span class='ocrx_word' id='word_1_16' title='bbox 899 576 960 654; x_wconf 87' lang='grc' dir='ltr'><strong><em>καί,</em></strong></span> <span class='ocrx_word' id='word_1_17' title='bbox 984 576 1017 638; x_wconf 95' lang='lat' dir='ltr'>id</span> <span class='ocrx_word' id='word_1_18' title='bbox 1041 577 1111 639; x_wconf 92' lang='lat' dir='ltr'>sine</span> <span class='ocrx_word' id='word_1_19' title='bbox 1135 576 1201 639; x_wconf 88' lang='lat' dir='ltr'>ulla</span> <span class='ocrx_word' id='word_1_20' title='bbox 1224 576 1348 639; x_wconf 88' lang='lat' dir='ltr'>dubita·</span> 
     </span>
     <span class='ocr_line' id='line_1_4' title="bbox 224 689 1347 776; baseline -0.004 -19"><span class='ocrx_word' id='word_1_21' title='bbox 224 695 314 758; x_wconf 93' lang='lat' dir='ltr'>tione</span> <span class='ocrx_word' id='word_1_22' title='bbox 347 697 475 756; x_wconf 90' lang='lat' dir='ltr'>omnes</span> <span class='ocrx_word' id='word_1_23' title='bbox 491 692 689 775; x_wconf 80' lang='lat' dir='ltr'>probabunt.</span> <span class='ocrx_word' id='word_1_24' title='bbox 733 691 834 773; x_wconf 86' lang='lat' dir='ltr'>Quod</span> <span class='ocrx_word' id='word_1_25' title='bbox 864 701 973 776; x_wconf 85' lang='lat' dir='ltr'>tamen</span> <span class='ocrx_word' id='word_1_26' title='bbox 1003 689 1149 753; x_wconf 89' lang='lat' dir='ltr'>nonnulli</span> <span class='ocrx_word' id='word_1_27' title='bbox 1180 712 1250 768; x_wconf 70' lang='grc' dir='ltr'><em>περ,</em></span> <span class='ocrx_word' id='word_1_28' title='bbox 1282 705 1347 753; x_wconf 92' lang='lat' dir='ltr'>non</span> 
     </span>
     <span class='ocr_line' id='line_1_5' title="bbox 226 803 1348 888; baseline -0.002 -20"><span class='ocrx_word' id='word_1_29' title='bbox 226 809 301 887; x_wconf 84' lang='grc' dir='ltr'><strong><em>παρ’</em></strong></span> <span class='ocrx_word' id='word_1_30' title='bbox 338 806 493 885; x_wconf 90' lang='lat' dir='ltr'>scribunt,</span> <span class='ocrx_word' id='word_1_31' title='bbox 528 806 680 888; x_wconf 87' lang='lat' dir='ltr'>equidem</span> <span class='ocrx_word' id='word_1_32' title='bbox 712 806 814 868; x_wconf 88' lang='lat' dir='ltr'>fateor</span> <span class='ocrx_word' id='word_1_33' title='bbox 838 825 890 868; x_wconf 94' lang='lat' dir='ltr'>me</span> <span class='ocrx_word' id='word_1_34' title='bbox 914 806 947 867; x_wconf 92' lang='lat' dir='ltr'>in</span> <span class='ocrx_word' id='word_1_35' title='bbox 970 804 1033 867; x_wconf 88' lang='lat' dir='ltr'>alia</span> <span class='ocrx_word' id='word_1_36' title='bbox 1056 806 1166 867; x_wconf 90' lang='lat' dir='ltr'>omnia</span> <span class='ocrx_word' id='word_1_37' title='bbox 1189 805 1245 883; x_wconf 90' lang='lat' dir='ltr'>ire,</span> <span class='ocrx_word' id='word_1_38' title='bbox 1271 803 1348 887; x_wconf 91' lang='lat' dir='ltr'>quia</span> 
     </span>
     <span class='ocr_line' id='line_1_6' title="bbox 226 919 1426 1010; baseline -0.003 -26"><span class='ocrx_word' id='word_1_39' title='bbox 226 945 285 1002; x_wconf 77' lang='grc' dir='ltr'>περ</span> <span class='ocrx_word' id='word_1_40' title='bbox 317 942 422 1005; x_wconf 90' lang='lat' dir='ltr'>neque</span> <span class='ocrx_word' id='word_1_41' title='bbox 445 920 509 983; x_wconf 92' lang='lat' dir='ltr'>hoc</span> <span class='ocrx_word' id='word_1_42' title='bbox 532 921 606 983; x_wconf 91' lang='lat' dir='ltr'>loco</span> <span class='ocrx_word' id='word_1_43' title='bbox 630 919 881 1001; x_wconf 85' lang='lat' dir='ltr'>exspectaveris,</span> <span class='ocrx_word' id='word_1_44' title='bbox 906 939 1022 1001; x_wconf 91' lang='lat' dir='ltr'>neque,</span> <span class='ocrx_word' id='word_1_45' title='bbox 1047 919 1136 1001; x_wconf 93' lang='lat' dir='ltr'>quod</span> <span class='ocrx_word' id='word_1_46' title='bbox 1162 919 1265 982; x_wconf 89' lang='lat' dir='ltr'>maius</span> <span class='ocrx_word' id='word_1_47' title='bbox 1288 927 1348 992; x_wconf 91' lang='lat' dir='ltr'>est,</span> <span class='ocrx_word' id='word_1_48' title='bbox 1424 1005 1426 1010; x_wconf 89' lang='lat'>.</span> 
     </span>
     <span class='ocr_line' id='line_1_7' title="bbox 226 1032 1348 1111; baseline -0.005 -13"><span class='ocrx_word' id='word_1_49' title='bbox 226 1036 385 1100; x_wconf 90' lang='lat' dir='ltr'>sententia</span> <span class='ocrx_word' id='word_1_50' title='bbox 418 1034 480 1097; x_wconf 87' lang='lat' dir='ltr'>hac</span> <span class='ocrx_word' id='word_1_51' title='bbox 514 1033 742 1097; x_wconf 86' lang='lat' dir='ltr'>emendatione</span> <span class='ocrx_word' id='word_1_52' title='bbox 771 1033 898 1111; x_wconf 89' lang='lat' dir='ltr'>clarior,</span> <span class='ocrx_word' id='word_1_53' title='bbox 923 1033 1026 1094; x_wconf 87' lang='lat' dir='ltr'>immo</span> <span class='ocrx_word' id='word_1_54' title='bbox 1051 1032 1156 1095; x_wconf 83' lang='lat' dir='ltr'>multo</span> <span class='ocrx_word' id='word_1_55' title='bbox 1180 1032 1348 1096; x_wconf 91' lang='lat' dir='ltr'>obscurior</span> 
     </span>
     <span class='ocr_line' id='line_1_8' title="bbox 226 1144 1348 1228; baseline -0.004 -16"><span class='ocrx_word' id='word_1_56' title='bbox 226 1149 270 1213; x_wconf 89' lang='lat' dir='ltr'>fit.</span> <span class='ocrx_word' id='word_1_57' title='bbox 306 1151 393 1212; x_wconf 95' lang='lat' dir='ltr'>Nam</span> <span class='ocrx_word' id='word_1_58' title='bbox 428 1147 535 1212; x_wconf 89' lang='lat' dir='ltr'>versio</span> <span class='ocrx_word' id='word_1_59' title='bbox 571 1147 765 1228; x_wconf 83' lang='lat' dir='ltr'>Hartungii:</span> <span class='ocrx_word' id='word_1_60' title='bbox 802 1146 904 1224; x_wconf 90' lang='lat' dir='ltr'>„oder</span> <span class='ocrx_word' id='word_1_61' title='bbox 937 1146 1047 1210; x_wconf 90' lang='lat' dir='ltr'>wollet</span> <span class='ocrx_word' id='word_1_62' title='bbox 1076 1144 1127 1208; x_wconf 94' lang='lat' dir='ltr'>ihr</span> <span class='ocrx_word' id='word_1_63' title='bbox 1149 1144 1240 1208; x_wconf 91' lang='lat' dir='ltr'>nicht</span> <span class='ocrx_word' id='word_1_64' title='bbox 1262 1145 1348 1209; x_wconf 92' lang='lat' dir='ltr'>volle</span> 
     </span>
     <span class='ocr_line' id='line_1_9' title="bbox 208 1243 1347 1343; baseline -0.005 -17"><span class='ocrx_word' id='word_1_65' title='bbox 208 1243 362 1326; x_wconf 50' lang='lat' dir='ltr'>¹Gebiihr</span> <span class='ocrx_word' id='word_1_66' title='bbox 391 1257 559 1326; x_wconf 90' lang='lat' dir='ltr'>verleih’n.</span> <span class='ocrx_word' id='word_1_67' title='bbox 583 1310 590 1325; x_wconf 88' lang='lat'><strong>.</strong></span> <span class='ocrx_word' id='word_1_68' title='bbox 616 1256 646 1321; x_wconf 88' lang='lat'>.&#39;’</span> <span class='ocrx_word' id='word_1_69' title='bbox 678 1261 864 1343; x_wconf 86' lang='lat' dir='ltr'>unicuique,</span> <span class='ocrx_word' id='word_1_70' title='bbox 889 1268 1028 1342; x_wconf 88' lang='lat' dir='ltr'>excepto</span> <span class='ocrx_word' id='word_1_71' title='bbox 1052 1260 1120 1324; x_wconf 91' lang='lat' dir='ltr'>scil.</span> <span class='ocrx_word' id='word_1_72' title='bbox 1159 1247 1347 1340; x_wconf 87' lang='lat' dir='ltr'>Hartungio</span> 
     </span>
     <span class='ocr_line' id='line_1_10' title="bbox 225 1372 1346 1460; baseline -0.003 -21"><span class='ocrx_word' id='word_1_73' title='bbox 225 1379 308 1460; x_wconf 90' lang='lat' dir='ltr'>ipso,</span> <span class='ocrx_word' id='word_1_74' title='bbox 351 1377 460 1457; x_wconf 88' lang='lat' dir='ltr'>inepta</span> <span class='ocrx_word' id='word_1_75' title='bbox 500 1372 672 1451; x_wconf 90' lang='lat' dir='ltr'>videbitur,</span> <span class='ocrx_word' id='word_1_76' title='bbox 707 1394 814 1456; x_wconf 90' lang='lat' dir='ltr'>neque</span> <span class='ocrx_word' id='word_1_77' title='bbox 849 1375 912 1437; x_wconf 87' lang='lat' dir='ltr'>alio</span> <span class='ocrx_word' id='word_1_78' title='bbox 950 1395 1017 1456; x_wconf 94' lang='lat' dir='ltr'>quo</span> <span class='ocrx_word' id='word_1_79' title='bbox 1054 1373 1155 1436; x_wconf 89' lang='lat' dir='ltr'>modo</span> <span class='ocrx_word' id='word_1_80' title='bbox 1188 1375 1232 1436; x_wconf 89' lang='lat' dir='ltr'>ita</span> <span class='ocrx_word' id='word_1_81' title='bbox 1266 1374 1346 1436; x_wconf 90' lang='lat' dir='ltr'>verti</span> 
     </span>
     <span class='ocr_line' id='line_1_11' title="bbox 225 1486 1347 1572; baseline -0.002 -21"><span class='ocrx_word' id='word_1_82' title='bbox 225 1490 339 1572; x_wconf 85' lang='lat' dir='ltr'>possit,</span> <span class='ocrx_word' id='word_1_83' title='bbox 377 1497 412 1551; x_wconf 92' lang='lat' dir='ltr'>ut</span> <span class='ocrx_word' id='word_1_84' title='bbox 440 1488 610 1552; x_wconf 88' lang='lat' dir='ltr'>toleranda</span> <span class='ocrx_word' id='word_1_85' title='bbox 639 1488 681 1552; x_wconf 91' lang='lat' dir='ltr'>sit</span> <span class='ocrx_word' id='word_1_86' title='bbox 704 1489 873 1551; x_wconf 85' lang='lat' dir='ltr'>sententia.</span> <span class='ocrx_word' id='word_1_87' title='bbox 919 1486 1132 1569; x_wconf 87' lang='lat' dir='ltr'>Perspicuum</span> <span class='ocrx_word' id='word_1_88' title='bbox 1156 1495 1264 1550; x_wconf 87' lang='lat' dir='ltr'>autem</span> <span class='ocrx_word' id='word_1_89' title='bbox 1289 1495 1347 1564; x_wconf 88' lang='lat' dir='ltr'>est,</span> 
     </span>
     <span class='ocr_line' id='line_1_12' title="bbox 226 1591 1347 1685; baseline -0.001 -20"><span class='ocrx_word' id='word_1_90' title='bbox 226 1603 254 1665; x_wconf 90' lang='lat' dir='ltr'>si</span> <span class='ocrx_word' id='word_1_91' title='bbox 282 1605 359 1682; x_wconf 79' lang='grc' dir='ltr'><strong><em>παρ’</em></strong></span> <span class='ocrx_word' id='word_1_92' title='bbox 381 1611 522 1678; x_wconf 83' lang='lat' dir='ltr'>tuemur,</span> <span class='ocrx_word' id='word_1_93' title='bbox 545 1598 653 1663; x_wconf 74' lang='grc' dir='ltr'><strong><em>τέλεον</em></strong></span> <span class='ocrx_word' id='word_1_94' title='bbox 678 1622 743 1664; x_wconf 95' lang='lat' dir='ltr'>non</span> <span class='ocrx_word' id='word_1_95' title='bbox 766 1601 809 1664; x_wconf 88' lang='lat' dir='ltr'>ad</span> <span class='ocrx_word' id='word_1_96' title='bbox 832 1591 928 1685; x_wconf 77' lang='grc' dir='ltr'><strong><em>αἶσαν</em></strong></span> <span class='ocrx_word' id='word_1_97' title='bbox 953 1600 1167 1680; x_wconf 83' lang='lat' dir='ltr'>referendum,</span> <span class='ocrx_word' id='word_1_98' title='bbox 1191 1603 1250 1665; x_wconf 91' lang='lat' dir='ltr'>sed</span> <span class='ocrx_word' id='word_1_99' title='bbox 1273 1602 1347 1664; x_wconf 89' lang='lat' dir='ltr'>sub·</span> 
     </span>
     <span class='ocr_line' id='line_1_13' title="bbox 226 1711 1346 1798; baseline -0.002 -20"><span class='ocrx_word' id='word_1_100' title='bbox 226 1717 365 1778; x_wconf 90' lang='lat' dir='ltr'>stantive</span> <span class='ocrx_word' id='word_1_101' title='bbox 388 1715 569 1778; x_wconf 88' lang='lat' dir='ltr'>adhibitum</span> <span class='ocrx_word' id='word_1_102' title='bbox 582 1735 652 1777; x_wconf 91' lang='lat' dir='ltr'>esse</span> <span class='ocrx_word' id='word_1_103' title='bbox 665 1715 712 1798; x_wconf 90' lang='lat'>2),</span> <span class='ocrx_word' id='word_1_104' title='bbox 735 1715 836 1778; x_wconf 89' lang='lat' dir='ltr'>itaut</span> <span class='ocrx_word' id='word_1_105' title='bbox 859 1715 913 1775; x_wconf 81' lang='grc' dir='ltr'><strong><em>καὶ</em></strong></span> <span class='ocrx_word' id='word_1_106' title='bbox 935 1717 977 1794; x_wconf 80' lang='grc' dir='ltr'>μὴ</span> <span class='ocrx_word' id='word_1_107' title='bbox 1001 1711 1108 1778; x_wconf 76' lang='grc' dir='ltr'><strong><em>τέλεον</em></strong></span> <span class='ocrx_word' id='word_1_108' title='bbox 1133 1713 1241 1787; x_wconf 79' lang='grc' dir='ltr'><strong><em>δόντες</em></strong></span> <span class='ocrx_word' id='word_1_109' title='bbox 1264 1713 1346 1797; x_wconf 74' lang='grc' dir='ltr'><strong><em>ἔχειν</em></strong></span> 
     </span>
    </p>
   </div>
   <div class='ocr_carea' id='block_1_3' title="bbox 226 1804 1347 1913">
    <p class='ocr_par' dir='ltr' id='par_1_4' title="bbox 226 1804 1347 1913">
     <span class='ocr_line' id='line_1_14' title="bbox 226 1804 1347 1913; baseline 0.004 -24"><span class='ocrx_word' id='word_1_110' title='bbox 226 1829 303 1909; x_wconf 82' lang='grc' dir='ltr'><strong><em>παρ’</em></strong></span> <span class='ocrx_word' id='word_1_111' title='bbox 328 1820 424 1889; x_wconf 78' lang='grc' dir='ltr'><strong><em>αἶσαν</em></strong></span> <span class='ocrx_word' id='word_1_112' title='bbox 456 1804 631 1911; x_wconf 76' lang='lat' dir='ltr'>significet:</span> <span class='ocrx_word' id='word_1_113' title='bbox 667 1829 792 1891; x_wconf 88' lang='lat' dir='ltr'>etiamsi</span> <span class='ocrx_word' id='word_1_114' title='bbox 822 1850 886 1891; x_wconf 95' lang='lat' dir='ltr'>non</span> <span class='ocrx_word' id='word_1_115' title='bbox 917 1829 1020 1892; x_wconf 90' lang='lat' dir='ltr'>sinitis</span> <span class='ocrx_word' id='word_1_116' title='bbox 1051 1830 1128 1913; x_wconf 89' lang='lat' dir='ltr'>(me)</span> <span class='ocrx_word' id='word_1_117' title='bbox 1151 1838 1347 1913; x_wconf 89' lang='lat' dir='ltr'>perpetrare,</span> 
     </span>
    </p>
   </div>
   <div class='ocr_carea' id='block_1_4' title="bbox 225 1942 1348 3506">
    <p class='ocr_par' dir='ltr' id='par_1_5' title="bbox 225 1942 1348 2802">
     <span class='ocr_line' id='line_1_15' title="bbox 226 1942 1348 2028; baseline 0.001 -23"><span class='ocrx_word' id='word_1_118' title='bbox 226 1944 246 2007; x_wconf 90' lang='lat' dir='ltr'>i.</span> <span class='ocrx_word' id='word_1_119' title='bbox 271 1963 300 2005; x_wconf 90' lang='lat' dir='ltr'>e.</span> <span class='ocrx_word' id='word_1_120' title='bbox 324 1945 349 2005; x_wconf 91' lang='lat' dir='ltr'>si</span> <span class='ocrx_word' id='word_1_121' title='bbox 374 1963 439 2006; x_wconf 96' lang='lat' dir='ltr'>non</span> <span class='ocrx_word' id='word_1_122' title='bbox 462 1942 614 2025; x_wconf 88' lang='lat' dir='ltr'>perficitis</span> <span class='ocrx_word' id='word_1_123' title='bbox 638 1942 741 2025; x_wconf 91' lang='lat' dir='ltr'>(quod</span> <span class='ocrx_word' id='word_1_124' title='bbox 763 1951 842 2025; x_wconf 88' lang='lat' dir='ltr'>opto</span> <span class='ocrx_word' id='word_1_125' title='bbox 866 1942 950 2028; x_wconf 89' lang='lat' dir='ltr'>scil.)</span> <span class='ocrx_word' id='word_1_126' title='bbox 974 1952 1120 2007; x_wconf 90' lang='lat' dir='ltr'>contra</span> <span class='ocrx_word' id='word_1_127' title='bbox 1150 1944 1290 2022; x_wconf 84' lang='lat' dir='ltr'>iatum,</span> <span class='ocrx_word' id='word_1_128' title='bbox 1316 1944 1348 2027; x_wconf 83' lang='lat'>3)</span> 
     </span>
     <span class='ocr_line' id='line_1_16' title="bbox 225 2051 1348 2140; baseline 0 -20"><span class='ocrx_word' id='word_1_129' title='bbox 225 2059 246 2120; x_wconf 92' lang='lat' dir='ltr'>i.</span> <span class='ocrx_word' id='word_1_130' title='bbox 271 2078 299 2121; x_wconf 90' lang='lat' dir='ltr'>e.</span> <span class='ocrx_word' id='word_1_131' title='bbox 324 2059 413 2140; x_wconf 93' lang='lat' dir='ltr'>quod</span> <span class='ocrx_word' id='word_1_132' title='bbox 446 2057 550 2119; x_wconf 85' lang='lat' dir='ltr'>fatum</span> <span class='ocrx_word' id='word_1_133' title='bbox 580 2057 613 2118; x_wconf 91' lang='lat' dir='ltr'>id</span> <span class='ocrx_word' id='word_1_134' title='bbox 637 2051 702 2119; x_wconf 92' lang='lat' dir='ltr'>non</span> <span class='ocrx_word' id='word_1_135' title='bbox 725 2058 898 2139; x_wconf 88' lang='lat' dir='ltr'>permittat.</span> <span class='ocrx_word' id='word_1_136' title='bbox 935 2058 1000 2120; x_wconf 89' lang='lat' dir='ltr'>Hic</span> <span class='ocrx_word' id='word_1_137' title='bbox 1022 2057 1348 2122; x_wconf 89' lang='lat' dir='ltr'>animadvertendum</span> 
     </span>
     <span class='ocr_line' id='line_1_17' title="bbox 227 2167 1348 2253; baseline -0.001 -21"><span class='ocrx_word' id='word_1_138' title='bbox 227 2180 377 2247; x_wconf 89' lang='lat' dir='ltr'>estnon,</span> <span class='ocrx_word' id='word_1_139' title='bbox 400 2191 468 2252; x_wconf 94' lang='lat' dir='ltr'>quo</span> <span class='ocrx_word' id='word_1_140' title='bbox 491 2171 643 2252; x_wconf 88' lang='lat' dir='ltr'>opionem</span> <span class='ocrx_word' id='word_1_141' title='bbox 667 2189 774 2233; x_wconf 89' lang='lat' dir='ltr'>meam</span> <span class='ocrx_word' id='word_1_142' title='bbox 799 2170 1019 2249; x_wconf 87' lang='lat' dir='ltr'>corroborem,</span> <span class='ocrx_word' id='word_1_143' title='bbox 1044 2170 1121 2235; x_wconf 92' lang='lat' dir='ltr'>mihi</span> <span class='ocrx_word' id='word_1_144' title='bbox 1145 2172 1248 2235; x_wconf 89' lang='lat' dir='ltr'>videri</span> <span class='ocrx_word' id='word_1_145' title='bbox 1272 2167 1348 2253; x_wconf 81' lang='grc' dir='ltr'><strong><em>παρ’</em></strong></span> 
     </span>
     <span class='ocr_line' id='line_1_18' title="bbox 225 2280 1347 2366; baseline 0.003 -21"><span class='ocrx_word' id='word_1_146' title='bbox 225 2283 385 2346; x_wconf 90' lang='lat' dir='ltr'>tuendum</span> <span class='ocrx_word' id='word_1_147' title='bbox 419 2304 498 2360; x_wconf 89' lang='lat' dir='ltr'>esse,</span> <span class='ocrx_word' id='word_1_148' title='bbox 534 2303 609 2346; x_wconf 89' lang='lat' dir='ltr'>nam</span> <span class='ocrx_word' id='word_1_149' title='bbox 644 2282 707 2345; x_wconf 93' lang='lat' dir='ltr'>hoc</span> <span class='ocrx_word' id='word_1_150' title='bbox 738 2280 814 2366; x_wconf 82' lang='grc' dir='ltr'><strong><em>παρ’</em></strong></span> <span class='ocrx_word' id='word_1_151' title='bbox 838 2285 869 2346; x_wconf 94' lang='lat' dir='ltr'>in</span> <span class='ocrx_word' id='word_1_152' title='bbox 893 2306 1004 2348; x_wconf 92' lang='lat' dir='ltr'>meum</span> <span class='ocrx_word' id='word_1_153' title='bbox 1028 2285 1241 2348; x_wconf 89' lang='lat' dir='ltr'>commodum</span> <span class='ocrx_word' id='word_1_154' title='bbox 1265 2286 1347 2349; x_wconf 92' lang='lat' dir='ltr'>verti</span> 
     </span>
     <span class='ocr_line' id='line_1_19' title="bbox 227 2389 1346 2484; baseline 0 -24"><span class='ocrx_word' id='word_1_155' title='bbox 227 2418 291 2460; x_wconf 93' lang='lat' dir='ltr'>non</span> <span class='ocrx_word' id='word_1_156' title='bbox 315 2405 432 2479; x_wconf 89' lang='lat' dir='ltr'>potest,</span> <span class='ocrx_word' id='word_1_157' title='bbox 457 2417 533 2459; x_wconf 90' lang='lat' dir='ltr'>cum</span> <span class='ocrx_word' id='word_1_158' title='bbox 557 2397 718 2460; x_wconf 93' lang='lat' dir='ltr'>vocabulo</span> <span class='ocrx_word' id='word_1_159' title='bbox 742 2421 801 2478; x_wconf 75' lang='grc' dir='ltr'>περ</span> <span class='ocrx_word' id='word_1_160' title='bbox 816 2407 949 2482; x_wconf 91' lang='lat' dir='ltr'>recepto</span> <span class='ocrx_word' id='word_1_161' title='bbox 962 2389 1058 2460; x_wconf 76' lang='grc' dir='ltr'><strong><em>αἶσαν</em></strong></span> <span class='ocrx_word' id='word_1_162' title='bbox 1072 2402 1238 2483; x_wconf 85' lang='lat' dir='ltr'>(unacum</span> <span class='ocrx_word' id='word_1_163' title='bbox 1252 2397 1346 2484; x_wconf 70' lang='grc' dir='ltr'>ἔχειν)</span> 
     </span>
     <span class='ocr_line' id='line_1_20' title="bbox 226 2505 1348 2593; baseline 0.003 -21"><span class='ocrx_word' id='word_1_164' title='bbox 226 2511 268 2573; x_wconf 92' lang='lat' dir='ltr'>sit</span> <span class='ocrx_word' id='word_1_165' title='bbox 291 2510 456 2573; x_wconf 89' lang='lat' dir='ltr'>obiectum</span> <span class='ocrx_word' id='word_1_166' title='bbox 480 2510 570 2574; x_wconf 92' lang='lat' dir='ltr'>verbi</span> <span class='ocrx_word' id='word_1_167' title='bbox 595 2511 686 2593; x_wconf 91' lang='lat' dir='ltr'>quod</span> <span class='ocrx_word' id='word_1_168' title='bbox 709 2521 759 2574; x_wconf 90' lang='lat' dir='ltr'>est</span> <span class='ocrx_word' id='word_1_169' title='bbox 781 2508 900 2589; x_wconf 79' lang='grc' dir='ltr'><strong><em>δόντες,</em></strong></span> <span class='ocrx_word' id='word_1_170' title='bbox 925 2514 968 2576; x_wconf 89' lang='lat' dir='ltr'>ita</span> <span class='ocrx_word' id='word_1_171' title='bbox 993 2521 1029 2576; x_wconf 92' lang='lat' dir='ltr'>ut</span> <span class='ocrx_word' id='word_1_172' title='bbox 1050 2513 1131 2576; x_wconf 91' lang='lat' dir='ltr'>haec</span> <span class='ocrx_word' id='word_1_173' title='bbox 1152 2505 1227 2573; x_wconf 80' lang='grc' dir='ltr'><strong><em>αἶσα</em></strong></span> <span class='ocrx_word' id='word_1_174' title='bbox 1246 2534 1266 2576; x_wconf 91' lang='lat' dir='ltr'>a</span> <span class='ocrx_word' id='word_1_175' title='bbox 1287 2514 1348 2576; x_wconf 91' lang='lat' dir='ltr'>diis</span> 
     </span>
     <span class='ocr_line' id='line_1_21' title="bbox 225 2603 1346 2709; baseline 0.002 -23"><span class='ocrx_word' id='word_1_176' title='bbox 225 2623 385 2707; x_wconf 89' lang='lat' dir='ltr'>proficisci</span> <span class='ocrx_word' id='word_1_177' title='bbox 410 2623 546 2700; x_wconf 88' lang='lat' dir='ltr'>dicatur,</span> <span class='ocrx_word' id='word_1_178' title='bbox 570 2603 617 2688; x_wconf 93' lang='lat' dir='ltr'>sin</span> <span class='ocrx_word' id='word_1_179' title='bbox 642 2634 751 2688; x_wconf 90' lang='lat' dir='ltr'>autem</span> <span class='ocrx_word' id='word_1_180' title='bbox 776 2629 853 2706; x_wconf 83' lang='grc' dir='ltr'><strong><em>παρ’</em></strong></span> <span class='ocrx_word' id='word_1_181' title='bbox 876 2625 1035 2707; x_wconf 78' lang='lat' dir='ltr'>legamuS,</span> <span class='ocrx_word' id='word_1_182' title='bbox 1061 2646 1126 2689; x_wconf 96' lang='lat' dir='ltr'>non</span> <span class='ocrx_word' id='word_1_183' title='bbox 1138 2635 1258 2709; x_wconf 89' lang='lat' dir='ltr'>pateat,</span> <span class='ocrx_word' id='word_1_184' title='bbox 1272 2627 1346 2709; x_wconf 90' lang='lat' dir='ltr'>quis</span> 
     </span>
     <span class='ocr_line' id='line_1_22' title="bbox 226 2730 584 2802; baseline 0.006 -2"><span class='ocrx_word' id='word_1_185' title='bbox 226 2737 311 2801; x_wconf 88' lang='lat' dir='ltr'>hanc</span> <span class='ocrx_word' id='word_1_186' title='bbox 334 2730 428 2799; x_wconf 79' lang='grc' dir='ltr'><strong><em>αἶσαν</em></strong></span> <span class='ocrx_word' id='word_1_187' title='bbox 453 2746 584 2802; x_wconf 88' lang='lat' dir='ltr'>statuat.</span> 
     </span>
    </p>

    <p class='ocr_par' dir='ltr' id='par_1_6' title="bbox 225 2844 1348 3275">
     <span class='ocr_line' id='line_1_23' title="bbox 270 2844 1348 2936; baseline -0.003 -22"><span class='ocrx_word' id='word_1_188' title='bbox 270 2852 319 2914; x_wconf 83' lang='lat' dir='ltr'>At</span> <span class='ocrx_word' id='word_1_189' title='bbox 340 2852 403 2914; x_wconf 92' lang='lat' dir='ltr'>hoc</span> <span class='ocrx_word' id='word_1_190' title='bbox 427 2852 499 2915; x_wconf 96' lang='lat' dir='ltr'>loco</span> <span class='ocrx_word' id='word_1_191' title='bbox 523 2851 602 2915; x_wconf 93' lang='lat' dir='ltr'>nihil</span> <span class='ocrx_word' id='word_1_192' title='bbox 625 2873 788 2928; x_wconf 87' lang='lat' dir='ltr'>curamus,</span> <span class='ocrx_word' id='word_1_193' title='bbox 811 2852 851 2916; x_wconf 89' lang='lat' dir='ltr'>ad</span> <span class='ocrx_word' id='word_1_194' title='bbox 874 2873 971 2935; x_wconf 89' lang='lat' dir='ltr'>quern</span> <span class='ocrx_word' id='word_1_195' title='bbox 994 2854 1038 2916; x_wconf 88' lang='lat' dir='ltr'>sit</span> <span class='ocrx_word' id='word_1_196' title='bbox 1056 2844 1131 2913; x_wconf 76' lang='grc' dir='ltr'><strong><em>αἶσα</em></strong></span> <span class='ocrx_word' id='word_1_197' title='bbox 1154 2853 1187 2936; x_wconf 89' lang='lat' dir='ltr'>(i.</span> <span class='ocrx_word' id='word_1_198' title='bbox 1200 2873 1228 2915; x_wconf 90' lang='lat' dir='ltr'>e.</span> <span class='ocrx_word' id='word_1_199' title='bbox 1240 2853 1348 2935; x_wconf 81' lang='grc' dir='ltr'><strong><em>μοῖρα)</em></strong></span> 
     </span>
     <span class='ocr_line' id='line_1_24' title="bbox 227 2965 1347 3050; baseline 0.002 -24"><span class='ocrx_word' id='word_1_200' title='bbox 227 2966 405 3040; x_wconf 84' lang='lat' dir='ltr'>referenda,</span> <span class='ocrx_word' id='word_1_201' title='bbox 429 2986 503 3027; x_wconf 92' lang='lat' dir='ltr'>cum</span> <span class='ocrx_word' id='word_1_202' title='bbox 527 2965 716 3050; x_wconf 88' lang='lat' dir='ltr'>Aeschylus</span> <span class='ocrx_word' id='word_1_203' title='bbox 741 2967 810 3048; x_wconf 88' lang='lat' dir='ltr'>ipse</span> <span class='ocrx_word' id='word_1_204' title='bbox 833 2966 927 3029; x_wconf 90' lang='lat' dir='ltr'>nobis</span> <span class='ocrx_word' id='word_1_205' title='bbox 950 2966 1073 3029; x_wconf 87' lang='lat' dir='ltr'>auxilia</span> <span class='ocrx_word' id='word_1_206' title='bbox 1097 2968 1251 3032; x_wconf 87' lang='lat' dir='ltr'>mittatv.</span> <span class='ocrx_word' id='word_1_207' title='bbox 1270 2966 1347 3046; x_wconf 86' lang='lat'>643,</span> 
     </span>
     <span class='ocr_line' id='line_1_25' title="bbox 227 3078 1347 3161; baseline 0.001 -21"><span class='ocrx_word' id='word_1_208' title='bbox 227 3078 282 3140; x_wconf 92' lang='lat' dir='ltr'>ubi</span> <span class='ocrx_word' id='word_1_209' title='bbox 312 3078 438 3140; x_wconf 90' lang='lat' dir='ltr'>disertis</span> <span class='ocrx_word' id='word_1_210' title='bbox 468 3078 576 3141; x_wconf 88' lang='lat' dir='ltr'>verbis</span> <span class='ocrx_word' id='word_1_211' title='bbox 599 3099 732 3142; x_wconf 90' lang='lat' dir='ltr'>onmem</span> <span class='ocrx_word' id='word_1_212' title='bbox 755 3078 992 3142; x_wconf 84' lang='lat' dir='ltr'>dubitationem</span> <span class='ocrx_word' id='word_1_213' title='bbox 1015 3080 1108 3142; x_wconf 88' lang='lat' dir='ltr'>tollit.</span> <span class='ocrx_word' id='word_1_214' title='bbox 1156 3079 1204 3142; x_wconf 91' lang='lat' dir='ltr'>Ibi</span> <span class='ocrx_word' id='word_1_215' title='bbox 1229 3080 1347 3161; x_wconf 86' lang='lat' dir='ltr'>legitur</span> 
     </span>
     <span class='ocr_line' id='line_1_26' title="bbox 225 3192 506 3275; baseline 0 -20"><span class='ocrx_word' id='word_1_216' title='bbox 225 3213 277 3255; x_wconf 91' lang='lat' dir='ltr'>vv.</span> <span class='ocrx_word' id='word_1_217' title='bbox 300 3192 506 3275; x_wconf 59' lang='grc' dir='ltr'>σιω-645)</span> 
     </span>
    </p>

    <p class='ocr_par' dir='ltr' id='par_1_7' title="bbox 538 3299 945 3506">
     <span class='ocr_line' id='line_1_27' title="bbox 538 3299 921 3386; baseline 0.005 -21"><span class='ocrx_word' id='word_1_218' title='bbox 538 3305 600 3378; x_wconf 83' lang='grc' dir='ltr'><strong><em>τὼς</em></strong></span> <span class='ocrx_word' id='word_1_219' title='bbox 624 3305 715 3380; x_wconf 83' lang='grc' dir='ltr'><strong><em>πόλις</em></strong></span> <span class='ocrx_word' id='word_1_220' title='bbox 738 3299 773 3368; x_wconf 69' lang='grc' dir='ltr'>εὖ</span> <span class='ocrx_word' id='word_1_221' title='bbox 796 3304 921 3386; x_wconf 74' lang='grc' dir='ltr'><strong><em>νέμοιτο</em></strong></span> 
     </span>
     <span class='ocr_line' id='line_1_28' title="bbox 538 3418 945 3506; baseline 0.007 -26"><span class='ocrx_word' id='word_1_222' title='bbox 538 3423 628 3498; x_wconf 81' lang='grc' dir='ltr'><strong><em>Ζῆνα</em></strong></span> <span class='ocrx_word' id='word_1_223' title='bbox 651 3418 749 3501; x_wconf 80' lang='grc' dir='ltr'><strong><em>μέγαν</em></strong></span> <span class='ocrx_word' id='word_1_224' title='bbox 774 3423 945 3506; x_wconf 66' lang='grc' dir='ltr'><strong><em>σεβόντων,</em></strong></span> 
     </span>
    </p>
   </div>
   <div class='ocr_carea' id='block_1_5' title="bbox 224 3621 1347 4422">
    <p class='ocr_par' dir='ltr' id='par_1_8' title="bbox 224 3621 1347 4422">
     <span class='ocr_line' id='line_1_29' title="bbox 263 3621 746 3687; baseline 0 -17"><span class='ocrx_word' id='word_1_225' title='bbox 263 3621 285 3687; x_wconf 79' lang='grc' dir='ltr'>ι)</span> <span class='ocrx_word' id='word_1_226' title='bbox 305 3623 369 3671; x_wconf 90' lang='lat' dir='ltr'>Ecce</span> <span class='ocrx_word' id='word_1_227' title='bbox 386 3629 452 3671; x_wconf 86' lang='lat' dir='ltr'>totus</span> <span class='ocrx_word' id='word_1_228' title='bbox 469 3622 538 3671; x_wconf 91' lang='lat' dir='ltr'>locus</span> <span class='ocrx_word' id='word_1_229' title='bbox 554 3622 605 3686; x_wconf 86' lang='lat' dir='ltr'>(vv.</span> <span class='ocrx_word' id='word_1_230' title='bbox 625 3621 746 3687; x_wconf 84' lang='lat'>71—74):</span> 
     </span>
     <span class='ocr_line' id='line_1_30' title="bbox 410 3703 1165 3778; baseline 0.001 -17"><span class='ocrx_word' id='word_1_231' title='bbox 410 3713 488 3778; x_wconf 68' lang='lat' dir='ltr'>olid,</span> <span class='ocrx_word' id='word_1_232' title='bbox 510 3716 568 3762; x_wconf 70' lang='grc' dir='ltr'>θεοὶ</span> <span class='ocrx_word' id='word_1_233' title='bbox 586 3716 705 3778; x_wconf 71' lang='grc' dir='ltr'><strong><em>γενέται,</em></strong></span> <span class='ocrx_word' id='word_1_234' title='bbox 724 3713 812 3763; x_wconf 63' lang='grc' dir='ltr'><strong><em>κλύετ’</em></strong></span> <span class='ocrx_word' id='word_1_235' title='bbox 831 3703 860 3765; x_wconf 73' lang='grc' dir='ltr'><strong><em>τό</em></strong></span> <span class='ocrx_word' id='word_1_236' title='bbox 877 3717 907 3763; x_wconf 85' lang='grc' dir='ltr'><strong><em>τὸ</em></strong></span> <span class='ocrx_word' id='word_1_237' title='bbox 925 3715 1030 3764; x_wconf 72' lang='grc' dir='ltr'><strong><em>δίκαιον</em></strong></span> <span class='ocrx_word' id='word_1_238' title='bbox 1047 3715 1165 3773; x_wconf 69' lang='grc' dir='ltr'><strong><em>ἰδόντες,</em></strong></span> 
     </span>
     <span class='ocr_line' id='line_1_31' title="bbox 411 3800 1050 3874; baseline 0.002 -20"><span class='ocrx_word' id='word_1_239' title='bbox 411 3809 427 3870; x_wconf 79' lang='grc' dir='ltr'><em>ἡ</em></span> <span class='ocrx_word' id='word_1_240' title='bbox 446 3809 489 3854; x_wconf 86' lang='grc' dir='ltr'><strong><em>καὶ</em></strong></span> <span class='ocrx_word' id='word_1_241' title='bbox 507 3812 543 3872; x_wconf 66' lang='lat' dir='ltr'>pi]</span> <span class='ocrx_word' id='word_1_242' title='bbox 563 3806 655 3855; x_wconf 68' lang='grc' dir='ltr'><strong><em>τέλεον</em></strong></span> <span class='ocrx_word' id='word_1_243' title='bbox 674 3806 769 3863; x_wconf 68' lang='grc' dir='ltr'><strong><em>δόντες</em></strong></span> <span class='ocrx_word' id='word_1_244' title='bbox 788 3805 859 3872; x_wconf 66' lang='grc' dir='ltr'><strong><em>ἔχειν</em></strong></span> <span class='ocrx_word' id='word_1_245' title='bbox 876 3808 941 3874; x_wconf 73' lang='grc' dir='ltr'><strong><em>παρ’</em></strong></span> <span class='ocrx_word' id='word_1_246' title='bbox 960 3800 1050 3866; x_wconf 80' lang='grc' dir='ltr'><strong><em>αἶσαν,</em></strong></span> 
     </span>
     <span class='ocr_line' id='line_1_32' title="bbox 410 3898 835 3964; baseline -0.005 -15"><span class='ocrx_word' id='word_1_247' title='bbox 410 3901 491 3964; x_wconf 71' lang='grc' dir='ltr'><strong><em>ὕβριν</em></strong></span> <span class='ocrx_word' id='word_1_248' title='bbox 510 3898 537 3946; x_wconf 79' lang='lat' dir='ltr'>d&#39;</span> <span class='ocrx_word' id='word_1_249' title='bbox 555 3899 655 3959; x_wconf 74' lang='grc' dir='ltr'><strong><em>ἓτόμοις</em></strong></span> <span class='ocrx_word' id='word_1_250' title='bbox 674 3903 835 3963; x_wconf 72' lang='grc' dir='ltr'><strong><em>στυγοῦντες</em></strong></span> 
     </span>
     <span class='ocr_line' id='line_1_33' title="bbox 408 3989 805 4056; baseline -0.005 -18"><span class='ocrx_word' id='word_1_251' title='bbox 408 3990 512 4039; x_wconf 69' lang='grc' dir='ltr'><strong><em>πέλοιτ’</em></strong></span> <span class='ocrx_word' id='word_1_252' title='bbox 532 3989 566 4040; x_wconf 86' lang='grc' dir='ltr'>ἂν</span> <span class='ocrx_word' id='word_1_253' title='bbox 585 3989 684 4039; x_wconf 64' lang='grc' dir='ltr'><strong><em>ἔνδικοι</em></strong></span> <span class='ocrx_word' id='word_1_254' title='bbox 703 3991 805 4056; x_wconf 80' lang='grc' dir='ltr'><strong><em>γάμοις.</em></strong></span> 
     </span>
     <span class='ocr_line' id='line_1_34' title="bbox 261 4078 1347 4150; baseline 0.006 -23"><span class='ocrx_word' id='word_1_255' title='bbox 261 4078 285 4144; x_wconf 77' lang='grc'>2)</span> <span class='ocrx_word' id='word_1_256' title='bbox 309 4079 361 4129; x_wconf 89' lang='lat' dir='ltr'>Csr.</span> <span class='ocrx_word' id='word_1_257' title='bbox 384 4082 473 4145; x_wconf 75' lang='lat' dir='ltr'>Agam.</span> <span class='ocrx_word' id='word_1_258' title='bbox 501 4083 665 4146; x_wconf 83' lang='lat'>1465—1466</span> <span class='ocrx_word' id='word_1_259' title='bbox 684 4085 717 4146; x_wconf 86' lang='lat' dir='ltr'>(p.</span> <span class='ocrx_word' id='word_1_260' title='bbox 734 4082 785 4147; x_wconf 79' lang='lat'>45).</span> <span class='ocrx_word' id='word_1_261' title='bbox 815 4081 843 4132; x_wconf 90' lang='lat' dir='ltr'>Si</span> <span class='ocrx_word' id='word_1_262' title='bbox 860 4082 915 4147; x_wconf 93' lang='lat' dir='ltr'>quis</span> <span class='ocrx_word' id='word_1_263' title='bbox 932 4088 1016 4150; x_wconf 86' lang='lat' dir='ltr'>autem</span> <span class='ocrx_word' id='word_1_264' title='bbox 1033 4081 1176 4132; x_wconf 71' lang='lat' dir='ltr'>ritrovad</span> <span class='ocrx_word' id='word_1_265' title='bbox 1195 4083 1347 4133; x_wconf 72' lang='grc' dir='ltr'><strong><em>τὸδίκαιον</em></strong></span> 
     </span>
     <span class='ocr_line' id='line_1_35' title="bbox 224 4171 1130 4238; baseline 0.007 -21"><span class='ocrx_word' id='word_1_266' title='bbox 224 4171 258 4238; x_wconf 85' lang='lat' dir='ltr'>(v.</span> <span class='ocrx_word' id='word_1_267' title='bbox 277 4171 318 4232; x_wconf 88' lang='grc'>69)</span> <span class='ocrx_word' id='word_1_268' title='bbox 336 4172 425 4220; x_wconf 86' lang='lat' dir='ltr'>referre</span> <span class='ocrx_word' id='word_1_269' title='bbox 443 4175 545 4232; x_wconf 84' lang='lat' dir='ltr'>mavult,</span> <span class='ocrx_word' id='word_1_270' title='bbox 563 4190 603 4232; x_wconf 88' lang='lat' dir='ltr'>me</span> <span class='ocrx_word' id='word_1_271' title='bbox 621 4189 672 4222; x_wconf 93' lang='lat' dir='ltr'>non</span> <span class='ocrx_word' id='word_1_272' title='bbox 690 4174 827 4224; x_wconf 86' lang='lat' dir='ltr'>admodum</span> <span class='ocrx_word' id='word_1_273' title='bbox 845 4181 1028 4238; x_wconf 82' lang='lat' dir='ltr'>repugnantem</span> <span class='ocrx_word' id='word_1_274' title='bbox 1045 4174 1130 4223; x_wconf 85' lang='lat' dir='ltr'>habet.</span> 
     </span>
     <span class='ocr_line' id='line_1_36' title="bbox 260 4261 1346 4333; baseline 0.006 -24"><span class='ocrx_word' id='word_1_275' title='bbox 260 4261 284 4327; x_wconf 84' lang='lat'>3)</span> <span class='ocrx_word' id='word_1_276' title='bbox 319 4265 384 4322; x_wconf 89' lang='lat' dir='ltr'>Aut,</span> <span class='ocrx_word' id='word_1_277' title='bbox 408 4264 429 4311; x_wconf 89' lang='lat' dir='ltr'>si</span> <span class='ocrx_word' id='word_1_278' title='bbox 456 4280 511 4312; x_wconf 89' lang='lat' dir='ltr'>curn</span> <span class='ocrx_word' id='word_1_279' title='bbox 537 4264 678 4323; x_wconf 83' lang='lat' dir='ltr'>scholiasta,</span> <span class='ocrx_word' id='word_1_280' title='bbox 704 4281 778 4330; x_wconf 87' lang='lat' dir='ltr'>quern</span> <span class='ocrx_word' id='word_1_281' title='bbox 805 4267 879 4316; x_wconf 84' lang='lat' dir='ltr'>etiam</span> <span class='ocrx_word' id='word_1_282' title='bbox 905 4267 969 4333; x_wconf 72' lang='grc' dir='ltr'><strong><em>παρ’</em></strong></span> <span class='ocrx_word' id='word_1_283' title='bbox 995 4266 1085 4330; x_wconf 86' lang='lat' dir='ltr'>legisse</span> <span class='ocrx_word' id='word_1_284' title='bbox 1111 4273 1185 4330; x_wconf 83' lang='lat' dir='ltr'>atque</span> <span class='ocrx_word' id='word_1_285' title='bbox 1202 4267 1346 4331; x_wconf 87' lang='lat' dir='ltr'>probavisse</span> 
     </span>
     <span class='ocr_line' id='line_1_37' title="bbox 225 4347 1302 4422; baseline 0.004 -20"><span class='ocrx_word' id='word_1_286' title='bbox 225 4360 336 4418; x_wconf 81' lang='lat' dir='ltr'>apparet,</span> <span class='ocrx_word' id='word_1_287' title='bbox 354 4347 434 4403; x_wconf 75' lang='grc' dir='ltr'><strong><em>αἶσαν</em></strong></span> <span class='ocrx_word' id='word_1_288' title='bbox 452 4354 642 4418; x_wconf 87' lang='lat' dir='ltr'>interpretamur</span> <span class='ocrx_word' id='word_1_289' title='bbox 658 4360 709 4420; x_wconf 80' lang='grc' dir='ltr'><strong><em>τὴν</em></strong></span> <span class='ocrx_word' id='word_1_290' title='bbox 727 4359 778 4406; x_wconf 83' lang='grc' dir='ltr'><strong><em>τῶν</em></strong></span> <span class='ocrx_word' id='word_1_291' title='bbox 796 4358 1005 4422; x_wconf 77' lang='grc' dir='ltr'><strong><em>Αἰγιιιιτιιιόὼτ,</em></strong></span> <span class='ocrx_word' id='word_1_292' title='bbox 1030 4365 1148 4408; x_wconf 86' lang='lat' dir='ltr'>contra</span> <span class='ocrx_word' id='word_1_293' title='bbox 1171 4365 1302 4408; x_wconf 87' lang='lat' dir='ltr'>sortem.</span> 
     </span>
    </p>
   </div>
   <div class='ocr_carea' id='block_1_6' title="bbox 0 0 1559 4822">
    <p class='ocr_par' dir='ltr' id='par_1_9' title="bbox 0 0 1559 4822">
     <span class='ocr_line' id='line_1_38' title="bbox 0 0 1559 4822; baseline 0 0"><span class='ocrx_word' id='word_1_294' title='bbox 0 0 1559 4822; x_wconf 95' lang='lat' dir='ltr'> </span> 
     </span>
    </p>
   </div>
  </div>
 </body>
</html>
