<?xml version="1.0" encoding="UTF-8"?>
<!DOCTYPE html PUBLIC "-//W3C//DTD XHTML 1.0 Transitional//EN"
    "http://www.w3.org/TR/xhtml1/DTD/xhtml1-transitional.dtd">
<html xmlns="http://www.w3.org/1999/xhtml" xml:lang="en" lang="en">
 <head>
  <title>
</title>
<meta http-equiv="Content-Type" content="text/html;charset=utf-8" />
  <meta name='ocr-system' content='tesseract 3.04.00' />
  <meta name='ocr-capabilities' content='ocr_page ocr_carea ocr_par ocr_line ocrx_word'/>
</head>
<body>
  <div class='ocr_page' id='page_1' title='image "./dedeoaeschyleo00fiscgoog_0089.png"; bbox 0 0 3106 4822; ppageno 0'>
   <div class='ocr_carea' id='block_1_1' title="bbox 837 264 879 330">
    <p class='ocr_par' dir='ltr' id='par_1_1' title="bbox 837 264 879 330">
     <span class='ocr_line' id='line_1_1' title="bbox 837 264 879 330; baseline -0.048 0"><span class='ocrx_word' id='word_1_1' title='bbox 837 264 879 330; x_wconf 83' lang='lat'>74</span> 
     </span>
    </p>
   </div>
   <div class='ocr_carea' id='block_1_2' title="bbox 304 434 1426 526">
    <p class='ocr_par' dir='ltr' id='par_1_2' title="bbox 304 434 1426 526">
     <span class='ocr_line' id='line_1_2' title="bbox 304 434 1426 526; baseline -0.002 -22"><span class='ocrx_word' id='word_1_2' title='bbox 304 442 386 504; x_wconf 91' lang='lat' dir='ltr'>deus</span> <span class='ocrx_word' id='word_1_3' title='bbox 421 440 536 524; x_wconf 90' lang='lat' dir='ltr'>aliquis</span> <span class='ocrx_word' id='word_1_4' title='bbox 566 434 678 503; x_wconf 85' lang='lat' dir='ltr'>earum</span> <span class='ocrx_word' id='word_1_5' title='bbox 709 438 832 502; x_wconf 87' lang='lat' dir='ltr'>auxilio</span> <span class='ocrx_word' id='word_1_6' title='bbox 860 441 970 503; x_wconf 92' lang='lat' dir='ltr'>utitur.</span> <span class='ocrx_word' id='word_1_7' title='bbox 1018 440 1163 505; x_wconf 90' lang='lat' dir='ltr'>Primum</span> <span class='ocrx_word' id='word_1_8' title='bbox 1187 443 1284 526; x_wconf 87' lang='lat' dir='ltr'>igitur</span> <span class='ocrx_word' id='word_1_9' title='bbox 1306 462 1326 504; x_wconf 92' lang='lat' dir='ltr'>a</span> <span class='ocrx_word' id='word_1_10' title='bbox 1348 443 1426 503; x_wconf 92' lang='lat' dir='ltr'>love</span> 
     </span>
    </p>
   </div>
   <div class='ocr_carea' id='block_1_3' title="bbox 303 555 1427 2696">
    <p class='ocr_par' dir='ltr' id='par_1_3' title="bbox 303 555 1427 2696">
     <span class='ocr_line' id='line_1_3' title="bbox 304 555 1292 641; baseline 0.002 -22"><span class='ocrx_word' id='word_1_11' title='bbox 304 555 446 619; x_wconf 83' lang='lat' dir='ltr'>honores</span> <span class='ocrx_word' id='word_1_12' title='bbox 471 564 676 637; x_wconf 90' lang='lat' dir='ltr'>acceperunt,</span> <span class='ocrx_word' id='word_1_13' title='bbox 701 556 818 619; x_wconf 90' lang='lat' dir='ltr'>deinde</span> <span class='ocrx_word' id='word_1_14' title='bbox 842 578 862 619; x_wconf 90' lang='lat' dir='ltr'>a</span> <span class='ocrx_word' id='word_1_15' title='bbox 885 555 1018 638; x_wconf 91' lang='lat' dir='ltr'>reliquis</span> <span class='ocrx_word' id='word_1_16' title='bbox 1040 558 1137 621; x_wconf 87' lang='lat' dir='ltr'>etiam</span> <span class='ocrx_word' id='word_1_17' title='bbox 1161 557 1233 623; x_wconf 85' lang='lat' dir='ltr'>diis.</span> <span class='ocrx_word' id='word_1_18' title='bbox 1263 558 1292 641; x_wconf 90' lang='lat'>1)</span> 
     </span>
     <span class='ocr_line' id='line_1_4' title="bbox 351 666 1426 756; baseline 0.001 -23"><span class='ocrx_word' id='word_1_19' title='bbox 351 671 465 733; x_wconf 83' lang='lat' dir='ltr'><strong>Restat</strong></span> <span class='ocrx_word' id='word_1_20' title='bbox 488 678 524 732; x_wconf 91' lang='lat' dir='ltr'>ut</span> <span class='ocrx_word' id='word_1_21' title='bbox 547 669 588 732; x_wconf 91' lang='lat' dir='ltr'>de</span> <span class='ocrx_word' id='word_1_22' title='bbox 611 666 836 752; x_wconf 78' lang='lat' dir='ltr'>repugnantia,</span> <span class='ocrx_word' id='word_1_23' title='bbox 861 691 960 753; x_wconf 89' lang='lat' dir='ltr'>quam</span> <span class='ocrx_word' id='word_1_24' title='bbox 983 672 1071 754; x_wconf 91' lang='lat' dir='ltr'>apud</span> <span class='ocrx_word' id='word_1_25' title='bbox 1093 672 1232 756; x_wconf 89' lang='lat' dir='ltr'>Erinyes</span> <span class='ocrx_word' id='word_1_26' title='bbox 1244 673 1278 735; x_wconf 91' lang='lat' dir='ltr'>in</span> <span class='ocrx_word' id='word_1_27' title='bbox 1291 693 1426 736; x_wconf 89' lang='lat' dir='ltr'>munere</span> 
     </span>
     <span class='ocr_line' id='line_1_5' title="bbox 304 784 1427 872; baseline 0.002 -24"><span class='ocrx_word' id='word_1_28' title='bbox 304 784 488 872; x_wconf 86' lang='lat' dir='ltr'>exercendo</span> <span class='ocrx_word' id='word_1_29' title='bbox 512 785 708 862; x_wconf 91' lang='lat' dir='ltr'>invenimus,</span> <span class='ocrx_word' id='word_1_30' title='bbox 732 805 837 867; x_wconf 90' lang='lat' dir='ltr'>pauca</span> <span class='ocrx_word' id='word_1_31' title='bbox 861 804 1066 848; x_wconf 90' lang='lat' dir='ltr'>moneamus.</span> <span class='ocrx_word' id='word_1_32' title='bbox 1091 786 1178 848; x_wconf 90' lang='lat' dir='ltr'>Nam</span> <span class='ocrx_word' id='word_1_33' title='bbox 1200 787 1300 850; x_wconf 93' lang='lat' dir='ltr'>modo</span> <span class='ocrx_word' id='word_1_34' title='bbox 1313 786 1427 850; x_wconf 90' lang='lat' dir='ltr'>dicunt</span> 
     </span>
     <span class='ocr_line' id='line_1_6' title="bbox 304 896 1426 982; baseline 0.001 -20"><span class='ocrx_word' id='word_1_35' title='bbox 304 922 339 962; x_wconf 89' lang='lat' dir='ltr'>se</span> <span class='ocrx_word' id='word_1_36' title='bbox 364 899 548 962; x_wconf 90' lang='lat' dir='ltr'>matricidas</span> <span class='ocrx_word' id='word_1_37' title='bbox 571 898 658 961; x_wconf 92' lang='lat' dir='ltr'>solos</span> <span class='ocrx_word' id='word_1_38' title='bbox 682 900 819 982; x_wconf 89' lang='lat' dir='ltr'>insequi,</span> <span class='ocrx_word' id='word_1_39' title='bbox 843 896 944 963; x_wconf 87' lang='lat' dir='ltr'>m0do</span> <span class='ocrx_word' id='word_1_40' title='bbox 968 920 1080 963; x_wconf 90' lang='lat' dir='ltr'>earum</span> <span class='ocrx_word' id='word_1_41' title='bbox 1104 920 1224 963; x_wconf 93' lang='lat' dir='ltr'>munus</span> <span class='ocrx_word' id='word_1_42' title='bbox 1248 901 1290 963; x_wconf 92' lang='lat' dir='ltr'>ad</span> <span class='ocrx_word' id='word_1_43' title='bbox 1311 921 1426 964; x_wconf 88' lang='lat' dir='ltr'>omnes</span> 
     </span>
     <span class='ocr_line' id='line_1_7' title="bbox 303 1012 1425 1097; baseline 0.001 -21"><span class='ocrx_word' id='word_1_44' title='bbox 303 1012 495 1090; x_wconf 90' lang='lat' dir='ltr'>homicidas,</span> <span class='ocrx_word' id='word_1_45' title='bbox 524 1014 603 1096; x_wconf 88' lang='lat' dir='ltr'>quin</span> <span class='ocrx_word' id='word_1_46' title='bbox 628 1014 724 1077; x_wconf 91' lang='lat' dir='ltr'>etiam</span> <span class='ocrx_word' id='word_1_47' title='bbox 748 1013 790 1076; x_wconf 90' lang='lat' dir='ltr'>ad</span> <span class='ocrx_word' id='word_1_48' title='bbox 813 1035 883 1091; x_wconf 88' lang='lat' dir='ltr'>eos,</span> <span class='ocrx_word' id='word_1_49' title='bbox 907 1015 963 1097; x_wconf 93' lang='lat' dir='ltr'>qui</span> <span class='ocrx_word' id='word_1_50' title='bbox 986 1023 1113 1096; x_wconf 89' lang='lat' dir='ltr'>praeter</span> <span class='ocrx_word' id='word_1_51' title='bbox 1134 1015 1182 1076; x_wconf 83' lang='lat' dir='ltr'>sas</span> <span class='ocrx_word' id='word_1_52' title='bbox 1205 1014 1315 1078; x_wconf 81' lang='lat' dir='ltr'>felices</span> <span class='ocrx_word' id='word_1_53' title='bbox 1338 1023 1425 1092; x_wconf 94' lang='lat' dir='ltr'>sunt,</span> 
     </span>
     <span class='ocr_line' id='line_1_8' title="bbox 304 1127 1425 1212; baseline -0.002 -20"><span class='ocrx_word' id='word_1_54' title='bbox 304 1129 346 1192; x_wconf 88' lang='lat' dir='ltr'>ad</span> <span class='ocrx_word' id='word_1_55' title='bbox 387 1149 501 1191; x_wconf 92' lang='lat' dir='ltr'>omnes</span> <span class='ocrx_word' id='word_1_56' title='bbox 542 1128 683 1212; x_wconf 89' lang='lat' dir='ltr'>denique</span> <span class='ocrx_word' id='word_1_57' title='bbox 723 1130 872 1211; x_wconf 86' lang='lat' dir='ltr'>pertinet,</span> <span class='ocrx_word' id='word_1_58' title='bbox 915 1129 970 1211; x_wconf 88' lang='lat' dir='ltr'>qui</span> <span class='ocrx_word' id='word_1_59' title='bbox 1005 1128 1118 1192; x_wconf 92' lang='lat' dir='ltr'>altaria</span> <span class='ocrx_word' id='word_1_60' title='bbox 1153 1127 1250 1208; x_wconf 82' lang='grc' dir='ltr'><strong><em>Δίκης</em></strong></span> <span class='ocrx_word' id='word_1_61' title='bbox 1285 1128 1425 1211; x_wconf 90' lang='lat' dir='ltr'>pedibus</span> 
     </span>
     <span class='ocr_line' id='line_1_9' title="bbox 304 1241 1424 1326; baseline 0 -21"><span class='ocrx_word' id='word_1_62' title='bbox 304 1243 482 1306; x_wconf 78' lang='lat' dir='ltr'>calcitrant.</span> <span class='ocrx_word' id='word_1_63' title='bbox 507 1242 539 1324; x_wconf 81' lang='lat'>2)</span> <span class='ocrx_word' id='word_1_64' title='bbox 571 1241 637 1324; x_wconf 83' lang='lat' dir='ltr'>Qui</span> <span class='ocrx_word' id='word_1_65' title='bbox 660 1241 725 1305; x_wconf 93' lang='lat' dir='ltr'>hoc</span> <span class='ocrx_word' id='word_1_66' title='bbox 748 1245 790 1306; x_wconf 91' lang='lat' dir='ltr'>sit</span> <span class='ocrx_word' id='word_1_67' title='bbox 813 1242 1095 1326; x_wconf 86' lang='lat' dir='ltr'>intellegendum?</span> <span class='ocrx_word' id='word_1_68' title='bbox 1118 1243 1168 1306; x_wconf 89' lang='lat' dir='ltr'>Ita</span> <span class='ocrx_word' id='word_1_69' title='bbox 1191 1241 1354 1321; x_wconf 90' lang='lat' dir='ltr'>videlicet,</span> <span class='ocrx_word' id='word_1_70' title='bbox 1379 1251 1424 1321; x_wconf 93' lang='lat' dir='ltr'>ut,</span> 
     </span>
     <span class='ocr_line' id='line_1_10' title="bbox 304 1355 1425 1440; baseline -0.002 -19"><span class='ocrx_word' id='word_1_71' title='bbox 304 1358 358 1421; x_wconf 93' lang='lat' dir='ltr'>ubi</span> <span class='ocrx_word' id='word_1_72' title='bbox 394 1359 507 1421; x_wconf 92' lang='lat' dir='ltr'>dieunt</span> <span class='ocrx_word' id='word_1_73' title='bbox 536 1379 571 1420; x_wconf 90' lang='lat' dir='ltr'>se</span> <span class='ocrx_word' id='word_1_74' title='bbox 602 1358 785 1421; x_wconf 88' lang='lat' dir='ltr'>matricidas</span> <span class='ocrx_word' id='word_1_75' title='bbox 808 1357 898 1420; x_wconf 92' lang='lat' dir='ltr'>solos</span> <span class='ocrx_word' id='word_1_76' title='bbox 920 1359 1082 1440; x_wconf 86' lang='lat' dir='ltr'>persequi,</span> <span class='ocrx_word' id='word_1_77' title='bbox 1107 1355 1171 1420; x_wconf 92' lang='lat' dir='ltr'>hoc</span> <span class='ocrx_word' id='word_1_78' title='bbox 1195 1357 1241 1419; x_wconf 94' lang='lat' dir='ltr'>sic</span> <span class='ocrx_word' id='word_1_79' title='bbox 1265 1357 1425 1438; x_wconf 89' lang='lat' dir='ltr'>accipien-</span> 
     </span>
     <span class='ocr_line' id='line_1_11' title="bbox 304 1470 1425 1554; baseline -0.002 -20"><span class='ocrx_word' id='word_1_80' title='bbox 304 1471 384 1534; x_wconf 93' lang='lat' dir='ltr'>dum</span> <span class='ocrx_word' id='word_1_81' title='bbox 419 1472 470 1548; x_wconf 89' lang='lat' dir='ltr'>sit,</span> <span class='ocrx_word' id='word_1_82' title='bbox 505 1472 596 1554; x_wconf 81' lang='lat' dir='ltr'>quasi</span> <span class='ocrx_word' id='word_1_83' title='bbox 631 1472 806 1535; x_wconf 88' lang='lat' dir='ltr'>dixissent:</span> <span class='ocrx_word' id='word_1_84' title='bbox 841 1492 884 1534; x_wconf 89' lang='lat' dir='ltr'>ex</span> <span class='ocrx_word' id='word_1_85' title='bbox 918 1473 956 1533; x_wconf 91' lang='lat' dir='ltr'>iis</span> <span class='ocrx_word' id='word_1_86' title='bbox 987 1473 1043 1553; x_wconf 91' lang='lat' dir='ltr'>qui</span> <span class='ocrx_word' id='word_1_87' title='bbox 1066 1471 1206 1534; x_wconf 87' lang='lat' dir='ltr'>effusum</span> <span class='ocrx_word' id='word_1_88' title='bbox 1230 1470 1425 1552; x_wconf 90' lang='lat' dir='ltr'>sanguinem</span> 
     </span>
     <span class='ocr_line' id='line_1_12' title="bbox 304 1584 1426 1668; baseline -0.001 -21"><span class='ocrx_word' id='word_1_89' title='bbox 304 1585 503 1648; x_wconf 90' lang='lat' dir='ltr'>ulciscuntur</span> <span class='ocrx_word' id='word_1_90' title='bbox 526 1586 557 1668; x_wconf 84' lang='lat' dir='ltr'>(i.</span> <span class='ocrx_word' id='word_1_91' title='bbox 581 1606 609 1648; x_wconf 88' lang='lat' dir='ltr'>e.</span> <span class='ocrx_word' id='word_1_92' title='bbox 634 1586 689 1668; x_wconf 93' lang='lat' dir='ltr'>qui</span> <span class='ocrx_word' id='word_1_93' title='bbox 713 1586 812 1648; x_wconf 89' lang='lat' dir='ltr'>caede</span> <span class='ocrx_word' id='word_1_94' title='bbox 835 1585 945 1668; x_wconf 90' lang='lat' dir='ltr'>aliqua</span> <span class='ocrx_word' id='word_1_95' title='bbox 958 1585 1132 1648; x_wconf 88' lang='lat' dir='ltr'>commissa</span> <span class='ocrx_word' id='word_1_96' title='bbox 1144 1585 1290 1648; x_wconf 90' lang='lat' dir='ltr'>iudicum</span> <span class='ocrx_word' id='word_1_97' title='bbox 1301 1584 1426 1648; x_wconf 90' lang='lat' dir='ltr'>vicibus</span> 
     </span>
     <span class='ocr_line' id='line_1_13' title="bbox 304 1699 1424 1783; baseline 0 -23"><span class='ocrx_word' id='word_1_98' title='bbox 304 1699 507 1779; x_wconf 83' lang='lat' dir='ltr'>funguntur),</span> <span class='ocrx_word' id='word_1_99' title='bbox 553 1720 610 1762; x_wconf 91' lang='lat' dir='ltr'>eos</span> <span class='ocrx_word' id='word_1_100' title='bbox 654 1700 743 1763; x_wconf 91' lang='lat' dir='ltr'>solos</span> <span class='ocrx_word' id='word_1_101' title='bbox 789 1700 942 1763; x_wconf 90' lang='lat' dir='ltr'>domibus</span> <span class='ocrx_word' id='word_1_102' title='bbox 989 1699 1198 1783; x_wconf 84' lang='lat' dir='ltr'>expellimus.</span> <span class='ocrx_word' id='word_1_103' title='bbox 1233 1700 1289 1783; x_wconf 93' lang='lat' dir='ltr'>qui</span> <span class='ocrx_word' id='word_1_104' title='bbox 1325 1699 1424 1781; x_wconf 90' lang='lat' dir='ltr'>patris</span> 
     </span>
     <span class='ocr_line' id='line_1_14' title="bbox 304 1812 1425 1888; baseline 0.001 -14"><span class='ocrx_word' id='word_1_105' title='bbox 304 1812 478 1876; x_wconf 89' lang='lat' dir='ltr'>alteriusve</span> <span class='ocrx_word' id='word_1_106' title='bbox 514 1812 689 1876; x_wconf 90' lang='lat' dir='ltr'>ulciscendi</span> <span class='ocrx_word' id='word_1_107' title='bbox 724 1835 823 1877; x_wconf 92' lang='lat' dir='ltr'>causa</span> <span class='ocrx_word' id='word_1_108' title='bbox 860 1823 997 1878; x_wconf 89' lang='lat' dir='ltr'>matrem</span> <span class='ocrx_word' id='word_1_109' title='bbox 1033 1815 1233 1878; x_wconf 92' lang='lat' dir='ltr'>occiderunt.</span> <span class='ocrx_word' id='word_1_110' title='bbox 1281 1813 1369 1876; x_wconf 92' lang='lat' dir='ltr'>Nam</span> <span class='ocrx_word' id='word_1_111' title='bbox 1393 1814 1425 1888; x_wconf 93' lang='lat' dir='ltr'>ii,</span> 
     </span>
     <span class='ocr_line' id='line_1_15' title="bbox 304 1927 1425 2011; baseline -0.002 -20"><span class='ocrx_word' id='word_1_112' title='bbox 304 1930 360 2011; x_wconf 94' lang='lat' dir='ltr'>qui</span> <span class='ocrx_word' id='word_1_113' title='bbox 407 1927 541 1989; x_wconf 90' lang='lat' dir='ltr'>caedem</span> <span class='ocrx_word' id='word_1_114' title='bbox 588 1936 703 1991; x_wconf 90' lang='lat' dir='ltr'>mutua</span> <span class='ocrx_word' id='word_1_115' title='bbox 748 1929 847 1992; x_wconf 88' lang='lat' dir='ltr'>caede</span> <span class='ocrx_word' id='word_1_116' title='bbox 882 1927 1077 2006; x_wconf 89' lang='lat' dir='ltr'>multabant,</span> <span class='ocrx_word' id='word_1_117' title='bbox 1113 1928 1202 1992; x_wconf 92' lang='lat' dir='ltr'>nulla</span> <span class='ocrx_word' id='word_1_118' title='bbox 1236 1929 1425 2010; x_wconf 87' lang='lat' dir='ltr'>expiatione</span> 
     </span>
     <span class='ocr_line' id='line_1_16' title="bbox 304 2030 1426 2126; baseline -0.001 -22"><span class='ocrx_word' id='word_1_119' title='bbox 304 2030 455 2124; x_wconf 82' lang='lat' dir='ltr'>egebant,</span> <span class='ocrx_word' id='word_1_120' title='bbox 490 2043 548 2106; x_wconf 91' lang='lat' dir='ltr'>sed</span> <span class='ocrx_word' id='word_1_121' title='bbox 584 2052 720 2107; x_wconf 89' lang='lat' dir='ltr'>matrem</span> <span class='ocrx_word' id='word_1_122' title='bbox 756 2043 904 2105; x_wconf 90' lang='lat' dir='ltr'>occidere</span> <span class='ocrx_word' id='word_1_123' title='bbox 939 2063 1108 2126; x_wconf 89' lang='lat' dir='ltr'>nunquam</span> <span class='ocrx_word' id='word_1_124' title='bbox 1144 2040 1263 2106; x_wconf 86' lang='lat' dir='ltr'>licebat</span> <span class='ocrx_word' id='word_1_125' title='bbox 1291 2049 1426 2124; x_wconf 91' lang='lat' dir='ltr'>propter</span> 
     </span>
     <span class='ocr_line' id='line_1_17' title="bbox 304 2156 1425 2241; baseline -0.002 -21"><span class='ocrx_word' id='word_1_126' title='bbox 304 2157 473 2221; x_wconf 89' lang='lat' dir='ltr'>vinculum</span> <span class='ocrx_word' id='word_1_127' title='bbox 507 2159 635 2241; x_wconf 90' lang='lat' dir='ltr'>pietatis</span> <span class='ocrx_word' id='word_1_128' title='bbox 669 2166 768 2240; x_wconf 92' lang='lat' dir='ltr'>atque</span> <span class='ocrx_word' id='word_1_129' title='bbox 802 2156 975 2234; x_wconf 76' lang='lat' dir='ltr'>affinitatiS,</span> <span class='ocrx_word' id='word_1_130' title='bbox 1011 2158 1101 2239; x_wconf 91' lang='lat' dir='ltr'>quod</span> <span class='ocrx_word' id='word_1_131' title='bbox 1125 2157 1208 2220; x_wconf 90' lang='lat' dir='ltr'>inter</span> <span class='ocrx_word' id='word_1_132' title='bbox 1232 2165 1368 2220; x_wconf 92' lang='lat' dir='ltr'>matrem</span> <span class='ocrx_word' id='word_1_133' title='bbox 1393 2164 1425 2218; x_wconf 92' lang='lat' dir='ltr'>et</span> 
     </span>
     <span class='ocr_line' id='line_1_18' title="bbox 303 2269 1424 2355; baseline -0.001 -23"><span class='ocrx_word' id='word_1_134' title='bbox 303 2270 421 2333; x_wconf 90' lang='lat' dir='ltr'>liberos</span> <span class='ocrx_word' id='word_1_135' title='bbox 445 2271 674 2336; x_wconf 87' lang='lat' dir='ltr'>intercedebat.</span> <span class='ocrx_word' id='word_1_136' title='bbox 701 2271 798 2334; x_wconf 92' lang='lat' dir='ltr'>Hanc</span> <span class='ocrx_word' id='word_1_137' title='bbox 821 2271 865 2333; x_wconf 95' lang='lat' dir='ltr'>ob</span> <span class='ocrx_word' id='word_1_138' title='bbox 889 2291 958 2333; x_wconf 91' lang='lat' dir='ltr'>rem</span> <span class='ocrx_word' id='word_1_139' title='bbox 983 2271 1124 2355; x_wconf 88' lang='lat' dir='ltr'>Erinyes</span> <span class='ocrx_word' id='word_1_140' title='bbox 1137 2271 1245 2334; x_wconf 91' lang='lat' dir='ltr'>solum</span> <span class='ocrx_word' id='word_1_141' title='bbox 1261 2269 1424 2346; x_wconf 89' lang='lat' dir='ltr'>Orestam,</span> 
     </span>
     <span class='ocr_line' id='line_1_19' title="bbox 304 2382 1423 2469; baseline -0.002 -23"><span class='ocrx_word' id='word_1_142' title='bbox 304 2405 368 2446; x_wconf 91' lang='lat' dir='ltr'>non</span> <span class='ocrx_word' id='word_1_143' title='bbox 414 2389 482 2462; x_wconf 88' lang='lat' dir='ltr'>(aut</span> <span class='ocrx_word' id='word_1_144' title='bbox 516 2385 630 2469; x_wconf 82' lang='lat' dir='ltr'>lenius)</span> <span class='ocrx_word' id='word_1_145' title='bbox 678 2384 948 2466; x_wconf 87' lang='lat' dir='ltr'>Clytaemestram</span> <span class='ocrx_word' id='word_1_146' title='bbox 982 2383 1171 2467; x_wconf 89' lang='lat' dir='ltr'>puniebant,</span> <span class='ocrx_word' id='word_1_147' title='bbox 1206 2392 1238 2447; x_wconf 93' lang='lat' dir='ltr'>et</span> <span class='ocrx_word' id='word_1_148' title='bbox 1272 2382 1423 2447; x_wconf 89' lang='lat' dir='ltr'>Orestam</span> 
     </span>
     <span class='ocr_line' id='line_1_20' title="bbox 303 2495 1423 2581; baseline -0.002 -21"><span class='ocrx_word' id='word_1_149' title='bbox 303 2507 544 2580; x_wconf 90' lang='lat' dir='ltr'>persequuntur</span> <span class='ocrx_word' id='word_1_150' title='bbox 579 2500 689 2562; x_wconf 88' lang='lat' dir='ltr'>matris</span> <span class='ocrx_word' id='word_1_151' title='bbox 719 2498 852 2581; x_wconf 90' lang='lat' dir='ltr'>quidem</span> <span class='ocrx_word' id='word_1_152' title='bbox 883 2499 983 2578; x_wconf 75' lang='grc' dir='ltr'><em>κιίκες,</em></span> <span class='ocrx_word' id='word_1_153' title='bbox 1006 2499 1064 2562; x_wconf 93' lang='lat' dir='ltr'>sed</span> <span class='ocrx_word' id='word_1_154' title='bbox 1089 2519 1154 2563; x_wconf 93' lang='lat' dir='ltr'>non</span> <span class='ocrx_word' id='word_1_155' title='bbox 1179 2498 1341 2581; x_wconf 88' lang='lat' dir='ltr'>Aegisthi.</span> <span class='ocrx_word' id='word_1_156' title='bbox 1388 2495 1423 2559; x_wconf 85' lang='lat' dir='ltr'>Si</span> 
     </span>
     <span class='ocr_line' id='line_1_21' title="bbox 304 2613 1423 2696; baseline -0.001 -20"><span class='ocrx_word' id='word_1_157' title='bbox 304 2613 377 2695; x_wconf 90' lang='lat' dir='ltr'>quis</span> <span class='ocrx_word' id='word_1_158' title='bbox 399 2622 508 2676; x_wconf 92' lang='lat' dir='ltr'>tamen</span> <span class='ocrx_word' id='word_1_159' title='bbox 531 2614 669 2677; x_wconf 92' lang='lat' dir='ltr'>alterum</span> <span class='ocrx_word' id='word_1_160' title='bbox 694 2634 761 2696; x_wconf 92' lang='lat' dir='ltr'>quo</span> <span class='ocrx_word' id='word_1_161' title='bbox 785 2613 872 2676; x_wconf 92' lang='lat' dir='ltr'>malo</span> <span class='ocrx_word' id='word_1_162' title='bbox 895 2614 995 2677; x_wconf 90' lang='lat' dir='ltr'>afficit</span> <span class='ocrx_word' id='word_1_163' title='bbox 1018 2635 1084 2678; x_wconf 95' lang='lat' dir='ltr'>non</span> <span class='ocrx_word' id='word_1_164' title='bbox 1108 2623 1144 2677; x_wconf 91' lang='lat' dir='ltr'>ut</span> <span class='ocrx_word' id='word_1_165' title='bbox 1166 2615 1306 2677; x_wconf 90' lang='lat' dir='ltr'>iustitiae</span> <span class='ocrx_word' id='word_1_166' title='bbox 1330 2614 1423 2676; x_wconf 89' lang='lat' dir='ltr'>satis·</span> 
     </span>
    </p>
   </div>
   <div class='ocr_carea' id='block_1_4' title="bbox 298 2787 1423 4414">
    <p class='ocr_par' dir='ltr' id='par_1_4' title="bbox 298 2787 1423 4414">
     <span class='ocr_line' id='line_1_22' title="bbox 298 2787 1423 2854; baseline -0.001 -17"><span class='ocrx_word' id='word_1_167' title='bbox 298 2816 300 2822; x_wconf 94' lang='lat'>·</span> <span class='ocrx_word' id='word_1_168' title='bbox 340 2788 362 2852; x_wconf 88' lang='lat'>1)</span> <span class='ocrx_word' id='word_1_169' title='bbox 381 2789 454 2839; x_wconf 85' lang='lat' dir='ltr'>Haec</span> <span class='ocrx_word' id='word_1_170' title='bbox 475 2796 560 2838; x_wconf 88' lang='lat' dir='ltr'>tamen</span> <span class='ocrx_word' id='word_1_171' title='bbox 576 2787 711 2852; x_wconf 83' lang='lat' dir='ltr'>explicatio</span> <span class='ocrx_word' id='word_1_172' title='bbox 728 2787 808 2837; x_wconf 90' lang='lat' dir='ltr'>solam</span> <span class='ocrx_word' id='word_1_173' title='bbox 825 2788 925 2853; x_wconf 83' lang='lat' dir='ltr'>respicit</span> <span class='ocrx_word' id='word_1_174' title='bbox 941 2789 1055 2852; x_wconf 85' lang='lat' dir='ltr'>sormam,</span> <span class='ocrx_word' id='word_1_175' title='bbox 1073 2789 1100 2838; x_wconf 79' lang='lat' dir='ltr'>in&#39;</span> <span class='ocrx_word' id='word_1_176' title='bbox 1117 2805 1193 2854; x_wconf 85' lang='lat' dir='ltr'>quam</span> <span class='ocrx_word' id='word_1_177' title='bbox 1209 2788 1349 2852; x_wconf 88' lang='lat' dir='ltr'>Aeschylus</span> <span class='ocrx_word' id='word_1_178' title='bbox 1366 2803 1423 2836; x_wconf 90' lang='lat' dir='ltr'>suas</span> 
     </span>
     <span class='ocr_line' id='line_1_23' title="bbox 303 2878 1422 2946; baseline -0.001 -17"><span class='ocrx_word' id='word_1_179' title='bbox 303 2881 467 2945; x_wconf 86' lang='lat' dir='ltr'>cogitationes</span> <span class='ocrx_word' id='word_1_180' title='bbox 503 2881 608 2946; x_wconf 86' lang='lat' dir='ltr'>redegit,</span> <span class='ocrx_word' id='word_1_181' title='bbox 635 2897 701 2940; x_wconf 88' lang='lat' dir='ltr'>nam,</span> <span class='ocrx_word' id='word_1_182' title='bbox 727 2880 754 2929; x_wconf 91' lang='lat' dir='ltr'>id</span> <span class='ocrx_word' id='word_1_183' title='bbox 779 2880 846 2945; x_wconf 93' lang='lat' dir='ltr'>quod</span> <span class='ocrx_word' id='word_1_184' title='bbox 872 2897 926 2946; x_wconf 88' lang='lat' dir='ltr'>cap.</span> <span class='ocrx_word' id='word_1_185' title='bbox 953 2881 966 2930; x_wconf 97' lang='grc' dir='ltr'>Ι</span> <span class='ocrx_word' id='word_1_186' title='bbox 990 2881 1040 2929; x_wconf 89' lang='lat' dir='ltr'>iam</span> <span class='ocrx_word' id='word_1_187' title='bbox 1066 2881 1190 2945; x_wconf 88' lang='lat' dir='ltr'>apparuit,</span> <span class='ocrx_word' id='word_1_188' title='bbox 1217 2878 1345 2944; x_wconf 87' lang='lat' dir='ltr'>Aeschylo</span> <span class='ocrx_word' id='word_1_189' title='bbox 1372 2895 1422 2928; x_wconf 90' lang='lat' dir='ltr'>nou</span> 
     </span>
     <span class='ocr_line' id='line_1_24' title="bbox 304 2971 1422 3038; baseline -0.002 -18"><span class='ocrx_word' id='word_1_190' title='bbox 304 2972 409 3021; x_wconf 91' lang='lat' dir='ltr'>multum</span> <span class='ocrx_word' id='word_1_191' title='bbox 437 2973 537 3020; x_wconf 88' lang='lat' dir='ltr'>interest</span> <span class='ocrx_word' id='word_1_192' title='bbox 563 2973 628 3020; x_wconf 90' lang='lat' dir='ltr'>inter</span> <span class='ocrx_word' id='word_1_193' title='bbox 652 2971 726 3020; x_wconf 87' lang='lat' dir='ltr'>huius</span> <span class='ocrx_word' id='word_1_194' title='bbox 752 2972 820 3020; x_wconf 90' lang='lat' dir='ltr'>vocis</span> <span class='ocrx_word' id='word_1_195' title='bbox 844 2988 909 3036; x_wconf 90' lang='lat' dir='ltr'>quae</span> <span class='ocrx_word' id='word_1_196' title='bbox 925 2979 961 3021; x_wconf 90' lang='lat' dir='ltr'>est</span> <span class='ocrx_word' id='word_1_197' title='bbox 978 2972 1073 3035; x_wconf 80' lang='lat' dir='ltr'>deuS,</span> <span class='ocrx_word' id='word_1_198' title='bbox 1089 2973 1242 3038; x_wconf 85' lang='lat' dir='ltr'>singularem</span> <span class='ocrx_word' id='word_1_199' title='bbox 1259 2978 1284 3020; x_wconf 90' lang='lat' dir='ltr'>et</span> <span class='ocrx_word' id='word_1_200' title='bbox 1301 2972 1422 3037; x_wconf 89' lang='lat' dir='ltr'>pluralem</span> 
     </span>
     <span class='ocr_line' id='line_1_25' title="bbox 303 3064 1422 3130; baseline -0.002 -17"><span class='ocrx_word' id='word_1_201' title='bbox 303 3080 441 3124; x_wconf 90' lang='lat' dir='ltr'>numerum,</span> <span class='ocrx_word' id='word_1_202' title='bbox 458 3070 482 3113; x_wconf 91' lang='lat' dir='ltr'>et</span> <span class='ocrx_word' id='word_1_203' title='bbox 500 3065 587 3113; x_wconf 91' lang='lat' dir='ltr'>Iovem</span> <span class='ocrx_word' id='word_1_204' title='bbox 604 3071 733 3129; x_wconf 86' lang='lat' dir='ltr'>tantopere</span> <span class='ocrx_word' id='word_1_205' title='bbox 750 3065 849 3130; x_wconf 82' lang='lat' dir='ltr'>attollit,</span> <span class='ocrx_word' id='word_1_206' title='bbox 866 3071 893 3114; x_wconf 90' lang='lat' dir='ltr'>ut</span> <span class='ocrx_word' id='word_1_207' title='bbox 909 3065 1010 3130; x_wconf 86' lang='lat' dir='ltr'>reliquis</span> <span class='ocrx_word' id='word_1_208' title='bbox 1026 3066 1073 3114; x_wconf 91' lang='lat' dir='ltr'>diis</span> <span class='ocrx_word' id='word_1_209' title='bbox 1091 3065 1172 3114; x_wconf 92' lang='lat' dir='ltr'>nullus</span> <span class='ocrx_word' id='word_1_210' title='bbox 1180 3081 1260 3130; x_wconf 86' lang='lat' dir='ltr'>paene</span> <span class='ocrx_word' id='word_1_211' title='bbox 1270 3064 1422 3129; x_wconf 88' lang='lat' dir='ltr'>relinquatur</span> 
     </span>
     <span class='ocr_line' id='line_1_26' title="bbox 302 3156 381 3206; baseline 0.025 -3"><span class='ocrx_word' id='word_1_212' title='bbox 302 3156 381 3206; x_wconf 79' lang='lat' dir='ltr'>locus,</span> 
     </span>
     <span class='ocr_line' id='line_1_27' title="bbox 337 3247 623 3312; baseline 0.01 -17"><span class='ocrx_word' id='word_1_213' title='bbox 337 3247 363 3310; x_wconf 89' lang='lat'>2)</span> <span class='ocrx_word' id='word_1_214' title='bbox 379 3247 458 3296; x_wconf 85' lang='lat' dir='ltr'>Eum.</span> <span class='ocrx_word' id='word_1_215' title='bbox 477 3257 623 3312; x_wconf 75' lang='lat'><strong>504-511:</strong></span> 
     </span>
     <span class='ocr_line' id='line_1_28' title="bbox 603 3314 910 3382; baseline 0.013 -20"><span class='ocrx_word' id='word_1_216' title='bbox 603 3314 676 3381; x_wconf 69' lang='grc' dir='ltr'><em>μηδέ</em></span> <span class='ocrx_word' id='word_1_217' title='bbox 692 3333 733 3372; x_wconf 80' lang='grc' dir='ltr'>τις</span> <span class='ocrx_word' id='word_1_218' title='bbox 751 3315 910 3382; x_wconf 75' lang='grc' dir='ltr'><em>κικλῃσκὲτω</em></span> 
     </span>
     <span class='ocr_line' id='line_1_29' title="bbox 603 3394 914 3461; baseline 0.006 -19"><span class='ocrx_word' id='word_1_219' title='bbox 603 3394 721 3461; x_wconf 72' lang='grc' dir='ltr'><em>ξυμφορᾷ</em></span> <span class='ocrx_word' id='word_1_220' title='bbox 741 3396 914 3454; x_wconf 68' lang='grc' dir='ltr'><em>τετυμμένος,</em></span> 
     </span>
     <span class='ocr_line' id='line_1_30' title="bbox 604 3472 948 3541; baseline 0.012 -21"><span class='ocrx_word' id='word_1_221' title='bbox 604 3472 677 3521; x_wconf 84' lang='grc' dir='ltr'><em>τοῦτ’</em></span> <span class='ocrx_word' id='word_1_222' title='bbox 695 3472 758 3530; x_wconf 65' lang='grc' dir='ltr'><em>ἕκτος</em></span> <span class='ocrx_word' id='word_1_223' title='bbox 777 3474 948 3541; x_wconf 68' lang='grc' dir='ltr'>θροούμενος·</span> 
     </span>
     <span class='ocr_line' id='line_1_31' title="bbox 603 3539 1058 3622; baseline -0.002 -20"><span class='ocrx_word' id='word_1_224' title='bbox 603 3539 622 3602; x_wconf 76' lang='grc' dir='ltr'><em>δ</em></span> <span class='ocrx_word' id='word_1_225' title='bbox 639 3553 714 3612; x_wconf 77' lang='grc' dir='ltr'><em>δίκα,</em></span> <span class='ocrx_word' id='word_1_226' title='bbox 731 3552 750 3602; x_wconf 85' lang='grc' dir='ltr'><em>ὠ</em></span> <span class='ocrx_word' id='word_1_227' title='bbox 768 3554 863 3620; x_wconf 77' lang='grc' dir='ltr'><em>θρόνοι</em></span> <span class='ocrx_word' id='word_1_228' title='bbox 880 3553 905 3602; x_wconf 89' lang='grc' dir='ltr'>τ’</span> <span class='ocrx_word' id='word_1_229' title='bbox 923 3553 1058 3622; x_wconf 63' lang='grc' dir='ltr'>Ἐρινύων.</span> 
     </span>
     <span class='ocr_line' id='line_1_32' title="bbox 604 3631 994 3701; baseline 0.003 -22"><span class='ocrx_word' id='word_1_230' title='bbox 604 3632 692 3680; x_wconf 82' lang='grc' dir='ltr'><em>ταῦτά</em></span> <span class='ocrx_word' id='word_1_231' title='bbox 712 3649 752 3689; x_wconf 81' lang='grc' dir='ltr'>τις</span> <span class='ocrx_word' id='word_1_232' title='bbox 770 3632 831 3698; x_wconf 85' lang='grc' dir='ltr'><em>τάχ’</em></span> <span class='ocrx_word' id='word_1_233' title='bbox 850 3631 884 3680; x_wconf 76' lang='grc' dir='ltr'>ἄν</span> <span class='ocrx_word' id='word_1_234' title='bbox 901 3637 994 3701; x_wconf 76' lang='grc' dir='ltr'><em>πατὴρ</em></span> 
     </span>
     <span class='ocr_line' id='line_1_33' title="bbox 604 3711 911 3776; baseline 0.003 -19"><span class='ocrx_word' id='word_1_235' title='bbox 604 3712 749 3776; x_wconf 49' lang='lat' dir='ltr'>prenotari</span> <span class='ocrx_word' id='word_1_236' title='bbox 769 3711 911 3776; x_wconf 69' lang='grc' dir='ltr'><em>νεοπαθὴς</em></span> 
     </span>
     <span class='ocr_line' id='line_1_34' title="bbox 603 3783 949 3850; baseline 0.003 -11"><span class='ocrx_word' id='word_1_237' title='bbox 603 3783 690 3839; x_wconf 76' lang='grc' dir='ltr'><em>οἶκτον</em></span> <span class='ocrx_word' id='word_1_238' title='bbox 706 3791 855 3850; x_wconf 77' lang='grc' dir='ltr'><em>οἰκτίσαιτ’,</em></span> <span class='ocrx_word' id='word_1_239' title='bbox 872 3791 949 3840; x_wconf 75' lang='grc' dir='ltr'><em>ἔκτα-</em></span> 
     </span>
     <span class='ocr_line' id='line_1_35' title="bbox 605 3869 956 3935; baseline 0.003 -18"><span class='ocrx_word' id='word_1_240' title='bbox 605 3869 642 3935; x_wconf 76' lang='grc' dir='ltr'>δί]</span> <span class='ocrx_word' id='word_1_241' title='bbox 660 3873 750 3918; x_wconf 77' lang='grc' dir='ltr'><em>πίτνα</em></span> <span class='ocrx_word' id='word_1_242' title='bbox 768 3869 851 3930; x_wconf 86' lang='grc' dir='ltr'><em>δόμος</em></span> <span class='ocrx_word' id='word_1_243' title='bbox 869 3869 956 3928; x_wconf 89' lang='grc' dir='ltr'><em>δίκας.</em></span> 
     </span>
     <span class='ocr_line' id='line_1_36' title="bbox 336 3949 623 4013; baseline 0 -15"><span class='ocrx_word' id='word_1_244' title='bbox 336 3949 401 3998; x_wconf 90' lang='lat' dir='ltr'>Item</span> <span class='ocrx_word' id='word_1_245' title='bbox 418 3967 458 3999; x_wconf 87' lang='lat' dir='ltr'>vv.</span> <span class='ocrx_word' id='word_1_246' title='bbox 476 3958 623 4013; x_wconf 81' lang='lat'>530-534:</span> 
     </span>
     <span class='ocr_line' id='line_1_37' title="bbox 606 4027 957 4094; baseline 0.003 -17"><span class='ocrx_word' id='word_1_247' title='bbox 606 4029 634 4086; x_wconf 70' lang='grc' dir='ltr'>ἐς</span> <span class='ocrx_word' id='word_1_248' title='bbox 650 4031 680 4078; x_wconf 87' lang='grc' dir='ltr'>τὸ</span> <span class='ocrx_word' id='word_1_249' title='bbox 697 4031 754 4078; x_wconf 82' lang='grc' dir='ltr'>πᾶν</span> <span class='ocrx_word' id='word_1_250' title='bbox 772 4029 805 4078; x_wconf 79' lang='grc' dir='ltr'><em>δέ</em></span> <span class='ocrx_word' id='word_1_251' title='bbox 824 4044 862 4076; x_wconf 84' lang='grc' dir='ltr'>σοι</span> <span class='ocrx_word' id='word_1_252' title='bbox 880 4027 957 4094; x_wconf 73' lang='grc' dir='ltr'><strong><em>λέγω,</em></strong></span> 
     </span>
     <span class='ocr_line' id='line_1_38' title="bbox 606 4108 928 4168; baseline -0.009 -9"><span class='ocrx_word' id='word_1_253' title='bbox 606 4111 695 4168; x_wconf 64' lang='grc' dir='ltr'><em>βωμὸν</em></span> <span class='ocrx_word' id='word_1_254' title='bbox 714 4109 823 4159; x_wconf 72' lang='grc' dir='ltr'><em>αἴδεσαί</em></span> <span class='ocrx_word' id='word_1_255' title='bbox 841 4108 928 4167; x_wconf 89' lang='grc' dir='ltr'><em>δίκας·</em></span> 
     </span>
     <span class='ocr_line' id='line_1_39' title="bbox 603 4188 969 4255; baseline 0.003 -19"><span class='ocrx_word' id='word_1_256' title='bbox 603 4188 677 4255; x_wconf 70' lang='grc' dir='ltr'><em>μηδέ</em></span> <span class='ocrx_word' id='word_1_257' title='bbox 695 4209 735 4238; x_wconf 76' lang='grc' dir='ltr'>κιο</span> <span class='ocrx_word' id='word_1_258' title='bbox 967 4241 969 4244; x_wconf 57' lang='grc'><em>,</em></span> 
     </span>
     <span class='ocr_line' id='line_1_40' title="bbox 605 4267 1147 4336; baseline 0.002 -21"><span class='ocrx_word' id='word_1_259' title='bbox 605 4268 698 4336; x_wconf 71' lang='grc' dir='ltr'><em>κέρδος</em></span> <span class='ocrx_word' id='word_1_260' title='bbox 715 4268 781 4318; x_wconf 75' lang='grc' dir='ltr'><em>ἰδὼν</em></span> <span class='ocrx_word' id='word_1_261' title='bbox 800 4269 876 4335; x_wconf 70' lang='grc' dir='ltr'>ἀθέῳ</span> <span class='ocrx_word' id='word_1_262' title='bbox 893 4267 959 4317; x_wconf 76' lang='grc' dir='ltr'><em>ποδί</em></span> <span class='ocrx_word' id='word_1_263' title='bbox 979 4267 1026 4324; x_wconf 75' lang='grc' dir='ltr'>λὰξ</span> <span class='ocrx_word' id='word_1_264' title='bbox 1045 4267 1147 4336; x_wconf 74' lang='grc' dir='ltr'><em>ἀτίσῃς</em></span> 
     </span>
     <span class='ocr_line' id='line_1_41' title="bbox 337 4346 755 4414; baseline 0.005 -18"><span class='ocrx_word' id='word_1_265' title='bbox 337 4346 388 4398; x_wconf 85' lang='lat' dir='ltr'>Cir.</span> <span class='ocrx_word' id='word_1_266' title='bbox 405 4363 445 4396; x_wconf 91' lang='lat' dir='ltr'>vv.</span> <span class='ocrx_word' id='word_1_267' title='bbox 465 4347 597 4414; x_wconf 83' lang='lat'>516-519</span> <span class='ocrx_word' id='word_1_268' title='bbox 614 4354 638 4397; x_wconf 90' lang='lat' dir='ltr'>et</span> <span class='ocrx_word' id='word_1_269' title='bbox 655 4349 755 4413; x_wconf 87' lang='lat' dir='ltr'>passim.</span> 
     </span>
    </p>
   </div>
   <div class='ocr_carea' id='block_1_5' title="bbox 0 0 1558 4822">
    <p class='ocr_par' dir='ltr' id='par_1_5' title="bbox 0 0 1558 4822">
     <span class='ocr_line' id='line_1_42' title="bbox 0 0 1558 4822; baseline 0 0"><span class='ocrx_word' id='word_1_270' title='bbox 0 0 1558 4822; x_wconf 95' lang='lat' dir='ltr'> </span> 
     </span>
    </p>
   </div>
  </div>
 </body>
</html>
