<?xml version="1.0" encoding="UTF-8"?>
<!DOCTYPE html PUBLIC "-//W3C//DTD XHTML 1.0 Transitional//EN"
    "http://www.w3.org/TR/xhtml1/DTD/xhtml1-transitional.dtd">
<html xmlns="http://www.w3.org/1999/xhtml" xml:lang="en" lang="en">
 <head>
  <title>
</title>
<meta http-equiv="Content-Type" content="text/html;charset=utf-8" />
  <meta name='ocr-system' content='tesseract 3.04.00' />
  <meta name='ocr-capabilities' content='ocr_page ocr_carea ocr_par ocr_line ocrx_word'/>
</head>
<body>
  <div class='ocr_page' id='page_1' title='image "./dedeoaeschyleo00fiscgoog_0083.png"; bbox 0 0 3106 4822; ppageno 0'>
   <div class='ocr_carea' id='block_1_1' title="bbox 788 269 831 339">
    <p class='ocr_par' dir='ltr' id='par_1_1' title="bbox 788 269 831 339">
     <span class='ocr_line' id='line_1_1' title="bbox 788 269 831 339; baseline 0.023 -1"><span class='ocrx_word' id='word_1_1' title='bbox 788 269 831 339; x_wconf 83' lang='lat'>68</span> 
     </span>
    </p>
   </div>
   <div class='ocr_carea' id='block_1_2' title="bbox 251 464 1377 2148">
    <p class='ocr_par' dir='ltr' id='par_1_2' title="bbox 251 464 1377 2148">
     <span class='ocr_line' id='line_1_2' title="bbox 254 464 1376 547; baseline 0.003 -20"><span class='ocrx_word' id='word_1_2' title='bbox 254 472 371 527; x_wconf 88' lang='lat' dir='ltr'>cuntur</span> <span class='ocrx_word' id='word_1_3' title='bbox 405 464 617 547; x_wconf 89' lang='lat' dir='ltr'>(quamquam</span> <span class='ocrx_word' id='word_1_4' title='bbox 652 483 765 524; x_wconf 91' lang='lat' dir='ltr'>earum</span> <span class='ocrx_word' id='word_1_5' title='bbox 799 471 950 544; x_wconf 89' lang='lat' dir='ltr'>aspectus</span> <span class='ocrx_word' id='word_1_6' title='bbox 979 473 1113 546; x_wconf 91' lang='lat' dir='ltr'>totaque</span> <span class='ocrx_word' id='word_1_7' title='bbox 1137 466 1218 528; x_wconf 89' lang='lat' dir='ltr'>ratio</span> <span class='ocrx_word' id='word_1_8' title='bbox 1243 465 1376 530; x_wconf 89' lang='lat' dir='ltr'>minime</span> 
     </span>
     <span class='ocr_line' id='line_1_3' title="bbox 253 574 1377 661; baseline 0.004 -22"><span class='ocrx_word' id='word_1_9' title='bbox 253 578 377 641; x_wconf 83' lang='lat' dir='ltr'>deabus</span> <span class='ocrx_word' id='word_1_10' title='bbox 412 586 460 640; x_wconf 92' lang='lat' dir='ltr'>est</span> <span class='ocrx_word' id='word_1_11' title='bbox 494 575 614 660; x_wconf 84' lang='lat' dir='ltr'>digna).</span> <span class='ocrx_word' id='word_1_12' title='bbox 661 576 776 658; x_wconf 91' lang='lat' dir='ltr'>ltaque</span> <span class='ocrx_word' id='word_1_13' title='bbox 810 575 851 638; x_wconf 93' lang='lat' dir='ltr'>ab</span> <span class='ocrx_word' id='word_1_14' title='bbox 886 574 1073 641; x_wconf 90' lang='lat' dir='ltr'>hominibus</span> <span class='ocrx_word' id='word_1_15' title='bbox 1110 581 1197 642; x_wconf 88' lang='lat' dir='ltr'>cerni</span> <span class='ocrx_word' id='word_1_16' title='bbox 1227 589 1377 661; x_wconf 84' lang='lat' dir='ltr'>possunt,</span> 
     </span>
     <span class='ocr_line' id='line_1_4' title="bbox 253 689 1376 777; baseline 0.001 -20"><span class='ocrx_word' id='word_1_17' title='bbox 253 714 360 776; x_wconf 91' lang='lat' dir='ltr'>neque</span> <span class='ocrx_word' id='word_1_18' title='bbox 394 692 484 755; x_wconf 92' lang='lat' dir='ltr'>solus</span> <span class='ocrx_word' id='word_1_19' title='bbox 519 689 652 754; x_wconf 87' lang='lat' dir='ltr'>Orestes</span> <span class='ocrx_word' id='word_1_20' title='bbox 687 711 742 753; x_wconf 92' lang='lat' dir='ltr'>eas</span> <span class='ocrx_word' id='word_1_21' title='bbox 780 691 877 769; x_wconf 90' lang='lat' dir='ltr'>videt,</span> <span class='ocrx_word' id='word_1_22' title='bbox 910 691 1090 756; x_wconf 87' lang='lat' dir='ltr'>sedetiam</span> <span class='ocrx_word' id='word_1_23' title='bbox 1116 692 1248 776; x_wconf 81' lang='lat' dir='ltr'>Pythias</span> <span class='ocrx_word' id='word_1_24' title='bbox 1271 694 1376 777; x_wconf 79' lang='grc' dir='ltr'><em>(Ειινι</em></span> 
     </span>
     <span class='ocr_line' id='line_1_5' title="bbox 254 805 1376 890; baseline 0.004 -23"><span class='ocrx_word' id='word_1_25' title='bbox 254 807 407 890; x_wconf 72' lang='grc'>34-59),</span> <span class='ocrx_word' id='word_1_26' title='bbox 442 807 563 869; x_wconf 90' lang='lat' dir='ltr'>iudices</span> <span class='ocrx_word' id='word_1_27' title='bbox 598 805 767 888; x_wconf 86' lang='lat' dir='ltr'>Areopagi</span> <span class='ocrx_word' id='word_1_28' title='bbox 801 806 889 888; x_wconf 89' lang='lat' dir='ltr'>(nam</span> <span class='ocrx_word' id='word_1_29' title='bbox 925 806 1062 889; x_wconf 85' lang='lat' dir='ltr'>Erinyes</span> <span class='ocrx_word' id='word_1_30' title='bbox 1097 828 1173 871; x_wconf 93' lang='lat' dir='ltr'>cum</span> <span class='ocrx_word' id='word_1_31' title='bbox 1208 810 1246 871; x_wconf 92' lang='lat' dir='ltr'>iis</span> <span class='ocrx_word' id='word_1_32' title='bbox 1276 809 1376 872; x_wconf 93' lang='lat' dir='ltr'>collo-</span> 
     </span>
     <span class='ocr_line' id='line_1_6' title="bbox 253 919 1377 1004; baseline 0.002 -20"><span class='ocrx_word' id='word_1_33' title='bbox 253 930 408 1004; x_wconf 86' lang='lat' dir='ltr'>quuntur,</span> <span class='ocrx_word' id='word_1_34' title='bbox 443 942 469 986; x_wconf 91' lang='lat' dir='ltr'>e.</span> <span class='ocrx_word' id='word_1_35' title='bbox 493 942 540 1002; x_wconf 87' lang='lat' dir='ltr'>gr.</span> <span class='ocrx_word' id='word_1_36' title='bbox 564 941 594 984; x_wconf 93' lang='lat' dir='ltr'>v.</span> <span class='ocrx_word' id='word_1_37' title='bbox 618 919 705 1001; x_wconf 78' lang='lat'><strong>6333</strong></span> <span class='ocrx_word' id='word_1_38' title='bbox 731 920 931 1003; x_wconf 74' lang='grc' dir='ltr'><em>γον-702),</em></span> <span class='ocrx_word' id='word_1_39' title='bbox 955 922 1225 1003; x_wconf 82' lang='lat' dir='ltr'>prosequentium</span> <span class='ocrx_word' id='word_1_40' title='bbox 1249 933 1377 986; x_wconf 86' lang='lat' dir='ltr'>caterva</span> 
     </span>
     <span class='ocr_line' id='line_1_7' title="bbox 253 1034 1376 1120; baseline 0 -20"><span class='ocrx_word' id='word_1_41' title='bbox 253 1038 306 1120; x_wconf 89' lang='lat' dir='ltr'>(ab</span> <span class='ocrx_word' id='word_1_42' title='bbox 348 1059 378 1100; x_wconf 92' lang='lat' dir='ltr'>v.</span> <span class='ocrx_word' id='word_1_43' title='bbox 422 1053 506 1099; x_wconf 93' lang='lat'><em>1010</em></span> <span class='ocrx_word' id='word_1_44' title='bbox 541 1056 644 1118; x_wconf 92' lang='lat' dir='ltr'>usque</span> <span class='ocrx_word' id='word_1_45' title='bbox 680 1036 721 1097; x_wconf 87' lang='lat' dir='ltr'>ad</span> <span class='ocrx_word' id='word_1_46' title='bbox 756 1034 880 1118; x_wconf 80' lang='lat' dir='ltr'>finem).</span> <span class='ocrx_word' id='word_1_47' title='bbox 926 1034 974 1098; x_wconf 84' lang='lat' dir='ltr'>At</span> <span class='ocrx_word' id='word_1_48' title='bbox 1009 1037 1041 1098; x_wconf 92' lang='lat' dir='ltr'>in</span> <span class='ocrx_word' id='word_1_49' title='bbox 1077 1034 1138 1098; x_wconf 92' lang='lat' dir='ltr'>fine</span> <span class='ocrx_word' id='word_1_50' title='bbox 1177 1035 1376 1120; x_wconf 66' lang='grc' dir='ltr'><em>Είιοὲμίιονοιι</em></span> 
     </span>
     <span class='ocr_line' id='line_1_8' title="bbox 252 1147 1377 1232; baseline 0 -19"><span class='ocrx_word' id='word_1_51' title='bbox 252 1152 372 1213; x_wconf 88' lang='lat' dir='ltr'>nemini</span> <span class='ocrx_word' id='word_1_52' title='bbox 406 1159 535 1232; x_wconf 89' lang='lat' dir='ltr'>praeter</span> <span class='ocrx_word' id='word_1_53' title='bbox 564 1147 716 1212; x_wconf 86' lang='lat' dir='ltr'>Orestam</span> <span class='ocrx_word' id='word_1_54' title='bbox 740 1158 908 1231; x_wconf 83' lang='lat' dir='ltr'>apparent,</span> <span class='ocrx_word' id='word_1_55' title='bbox 932 1150 976 1212; x_wconf 92' lang='lat' dir='ltr'>ita</span> <span class='ocrx_word' id='word_1_56' title='bbox 1000 1157 1035 1211; x_wconf 91' lang='lat' dir='ltr'>ut</span> <span class='ocrx_word' id='word_1_57' title='bbox 1058 1148 1177 1212; x_wconf 90' lang='lat' dir='ltr'>chorus</span> <span class='ocrx_word' id='word_1_58' title='bbox 1201 1171 1242 1213; x_wconf 93' lang='lat' dir='ltr'>ne</span> <span class='ocrx_word' id='word_1_59' title='bbox 1265 1151 1377 1213; x_wconf 90' lang='lat' dir='ltr'>credat</span> 
     </span>
     <span class='ocr_line' id='line_1_9' title="bbox 252 1261 1375 1350; baseline -0.001 -22"><span class='ocrx_word' id='word_1_60' title='bbox 252 1267 384 1349; x_wconf 92' lang='lat' dir='ltr'>quidem</span> <span class='ocrx_word' id='word_1_61' title='bbox 418 1286 473 1328; x_wconf 89' lang='lat' dir='ltr'>eas</span> <span class='ocrx_word' id='word_1_62' title='bbox 504 1265 627 1330; x_wconf 89' lang='lat' dir='ltr'>adesse.</span> <span class='ocrx_word' id='word_1_63' title='bbox 673 1261 859 1326; x_wconf 89' lang='lat' dir='ltr'>Schoeman</span> <span class='ocrx_word' id='word_1_64' title='bbox 894 1263 935 1326; x_wconf 91' lang='lat' dir='ltr'>de</span> <span class='ocrx_word' id='word_1_65' title='bbox 965 1262 1027 1325; x_wconf 95' lang='lat' dir='ltr'>hac</span> <span class='ocrx_word' id='word_1_66' title='bbox 1051 1284 1085 1326; x_wconf 92' lang='lat' dir='ltr'>re</span> <span class='ocrx_word' id='word_1_67' title='bbox 1109 1264 1209 1328; x_wconf 86' lang='lat' dir='ltr'>dixit:</span> <span class='ocrx_word' id='word_1_68' title='bbox 1235 1263 1265 1350; x_wconf 87' lang='lat'>1)</span> <span class='ocrx_word' id='word_1_69' title='bbox 1289 1266 1375 1342; x_wconf 87' lang='lat' dir='ltr'>„Die</span> 
     </span>
     <span class='ocr_line' id='line_1_10' title="bbox 253 1377 1374 1462; baseline -0.002 -19"><span class='ocrx_word' id='word_1_70' title='bbox 253 1381 397 1461; x_wconf 90' lang='lat' dir='ltr'>Erinyen</span> <span class='ocrx_word' id='word_1_71' title='bbox 432 1379 558 1462; x_wconf 85' lang='lat' dir='ltr'>steigen</span> <span class='ocrx_word' id='word_1_72' title='bbox 593 1400 651 1442; x_wconf 65' lang='lat' dir='ltr'>aus</span> <span class='ocrx_word' id='word_1_73' title='bbox 685 1379 743 1440; x_wconf 91' lang='lat' dir='ltr'>der</span> <span class='ocrx_word' id='word_1_74' title='bbox 779 1378 969 1455; x_wconf 86' lang='lat' dir='ltr'>Unterwelt,</span> <span class='ocrx_word' id='word_1_75' title='bbox 1000 1378 1078 1460; x_wconf 86' lang='lat' dir='ltr'>jetzt</span> <span class='ocrx_word' id='word_1_76' title='bbox 1113 1400 1174 1442; x_wconf 93' lang='lat' dir='ltr'>nur</span> <span class='ocrx_word' id='word_1_77' title='bbox 1197 1377 1283 1441; x_wconf 93' lang='lat' dir='ltr'>noch</span> <span class='ocrx_word' id='word_1_78' title='bbox 1308 1377 1374 1441; x_wconf 90' lang='lat' dir='ltr'>ihm</span> 
     </span>
     <span class='ocr_line' id='line_1_11' title="bbox 252 1490 1375 1577; baseline 0 -21"><span class='ocrx_word' id='word_1_79' title='bbox 252 1491 403 1577; x_wconf 87' lang='lat' dir='ltr'>(Orestae</span> <span class='ocrx_word' id='word_1_80' title='bbox 427 1493 509 1576; x_wconf 83' lang='lat' dir='ltr'>scil.)</span> <span class='ocrx_word' id='word_1_81' title='bbox 532 1492 628 1556; x_wconf 92' lang='lat' dir='ltr'>allein</span> <span class='ocrx_word' id='word_1_82' title='bbox 652 1490 804 1568; x_wconf 89' lang='lat' dir='ltr'>sichtbar,</span> <span class='ocrx_word' id='word_1_83' title='bbox 837 1494 904 1556; x_wconf 96' lang='lat' dir='ltr'>und</span> <span class='ocrx_word' id='word_1_84' title='bbox 927 1492 1052 1556; x_wconf 91' lang='lat' dir='ltr'>treiben</span> <span class='ocrx_word' id='word_1_85' title='bbox 1076 1491 1133 1555; x_wconf 95' lang='lat' dir='ltr'>ihn</span> <span class='ocrx_word' id='word_1_86' title='bbox 1156 1492 1286 1576; x_wconf 86' lang='lat' dir='ltr'>hinweg</span> <span class='ocrx_word' id='word_1_87' title='bbox 1309 1513 1375 1557; x_wconf 93' lang='lat' dir='ltr'>von</span> 
     </span>
     <span class='ocr_line' id='line_1_12' title="bbox 252 1605 1374 1698; baseline -0.001 -27"><span class='ocrx_word' id='word_1_88' title='bbox 252 1610 311 1671; x_wconf 89' lang='lat' dir='ltr'>der</span> <span class='ocrx_word' id='word_1_89' title='bbox 344 1605 596 1670; x_wconf 90' lang='lat' dir='ltr'>blutbefleckten</span> <span class='ocrx_word' id='word_1_90' title='bbox 631 1605 768 1672; x_wconf 75' lang='lat' dir='ltr'>Statte.“</span> <span class='ocrx_word' id='word_1_91' title='bbox 816 1607 881 1689; x_wconf 83' lang='lat' dir='ltr'>Qui</span> <span class='ocrx_word' id='word_1_92' title='bbox 916 1617 1026 1698; x_wconf 82' lang='lat' dir='ltr'>tamen</span> <span class='ocrx_word' id='word_1_93' title='bbox 1062 1608 1126 1686; x_wconf 89' lang='lat' dir='ltr'>fiat,</span> <span class='ocrx_word' id='word_1_94' title='bbox 1162 1617 1197 1671; x_wconf 92' lang='lat' dir='ltr'>ut</span> <span class='ocrx_word' id='word_1_95' title='bbox 1236 1609 1374 1691; x_wconf 91' lang='lat' dir='ltr'>Erinyes</span> 
     </span>
     <span class='ocr_line' id='line_1_13' title="bbox 251 1719 1374 1805; baseline 0 -20"><span class='ocrx_word' id='word_1_96' title='bbox 251 1724 394 1805; x_wconf 92' lang='lat' dir='ltr'>primum</span> <span class='ocrx_word' id='word_1_97' title='bbox 417 1720 477 1784; x_wconf 91' lang='lat' dir='ltr'>soli</span> <span class='ocrx_word' id='word_1_98' title='bbox 501 1719 637 1784; x_wconf 85' lang='lat' dir='ltr'>Orestae</span> <span class='ocrx_word' id='word_1_99' title='bbox 660 1729 847 1803; x_wconf 88' lang='lat' dir='ltr'>appareant,</span> <span class='ocrx_word' id='word_1_100' title='bbox 870 1731 987 1803; x_wconf 90' lang='lat' dir='ltr'>postea</span> <span class='ocrx_word' id='word_1_101' title='bbox 1000 1722 1232 1804; x_wconf 91' lang='lat' dir='ltr'>omnibus,qui</span> <span class='ocrx_word' id='word_1_102' title='bbox 1245 1723 1374 1800; x_wconf 88' lang='lat' dir='ltr'>adsunt,</span> 
     </span>
     <span class='ocr_line' id='line_1_14' title="bbox 252 1834 1375 1919; baseline 0.001 -20"><span class='ocrx_word' id='word_1_103' title='bbox 252 1837 336 1900; x_wconf 93' lang='lat' dir='ltr'>hanc</span> <span class='ocrx_word' id='word_1_104' title='bbox 372 1858 441 1900; x_wconf 92' lang='lat' dir='ltr'>rem</span> <span class='ocrx_word' id='word_1_105' title='bbox 476 1836 605 1899; x_wconf 87' lang='lat' dir='ltr'>silentio</span> <span class='ocrx_word' id='word_1_106' title='bbox 638 1837 811 1918; x_wconf 90' lang='lat' dir='ltr'>praeteriit.</span> <span class='ocrx_word' id='word_1_107' title='bbox 857 1834 923 1899; x_wconf 85' lang='lat' dir='ltr'>Sed</span> <span class='ocrx_word' id='word_1_108' title='bbox 954 1837 1089 1919; x_wconf 90' lang='lat' dir='ltr'>propius</span> <span class='ocrx_word' id='word_1_109' title='bbox 1111 1837 1153 1900; x_wconf 92' lang='lat' dir='ltr'>ad</span> <span class='ocrx_word' id='word_1_110' title='bbox 1177 1857 1224 1912; x_wconf 85' lang='lat' dir='ltr'>ea,</span> <span class='ocrx_word' id='word_1_111' title='bbox 1249 1858 1375 1919; x_wconf 90' lang='lat' dir='ltr'>quaea</span> 
     </span>
     <span class='ocr_line' id='line_1_15' title="bbox 252 1949 1374 2034; baseline 0.001 -20"><span class='ocrx_word' id='word_1_112' title='bbox 252 1951 354 2014; x_wconf 91' lang='lat' dir='ltr'>choro</span> <span class='ocrx_word' id='word_1_113' title='bbox 388 1961 422 2014; x_wconf 91' lang='lat' dir='ltr'>et</span> <span class='ocrx_word' id='word_1_114' title='bbox 459 1949 577 2014; x_wconf 88' lang='lat' dir='ltr'>Oresta</span> <span class='ocrx_word' id='word_1_115' title='bbox 600 1950 762 2027; x_wconf 89' lang='lat' dir='ltr'>dicuntur,</span> <span class='ocrx_word' id='word_1_116' title='bbox 786 1951 991 2014; x_wconf 88' lang='lat' dir='ltr'>accedamus.</span> <span class='ocrx_word' id='word_1_117' title='bbox 1040 1952 1216 2034; x_wconf 90' lang='lat' dir='ltr'>Postquam</span> <span class='ocrx_word' id='word_1_118' title='bbox 1241 1949 1374 2015; x_wconf 90' lang='lat' dir='ltr'>Orestes</span> 
     </span>
     <span class='ocr_line' id='line_1_16' title="bbox 253 2066 1374 2148; baseline 0 -19"><span class='ocrx_word' id='word_1_119' title='bbox 253 2076 389 2129; x_wconf 89' lang='lat' dir='ltr'>matrem</span> <span class='ocrx_word' id='word_1_120' title='bbox 424 2066 554 2144; x_wconf 89' lang='lat' dir='ltr'>occidit,</span> <span class='ocrx_word' id='word_1_121' title='bbox 584 2067 680 2128; x_wconf 88' lang='lat' dir='ltr'>sentit</span> <span class='ocrx_word' id='word_1_122' title='bbox 709 2087 744 2128; x_wconf 91' lang='lat' dir='ltr'>se</span> <span class='ocrx_word' id='word_1_123' title='bbox 768 2066 877 2128; x_wconf 87' lang='lat' dir='ltr'>furore</span> <span class='ocrx_word' id='word_1_124' title='bbox 901 2066 1016 2147; x_wconf 86' lang='lat' dir='ltr'>agitari</span> <span class='ocrx_word' id='word_1_125' title='bbox 1040 2086 1204 2148; x_wconf 91' lang='lat' dir='ltr'>suumque</span> <span class='ocrx_word' id='word_1_126' title='bbox 1227 2087 1283 2129; x_wconf 92' lang='lat' dir='ltr'>cor</span> <span class='ocrx_word' id='word_1_127' title='bbox 1305 2066 1374 2148; x_wconf 90' lang='lat' dir='ltr'>pal·</span> 
     </span>
    </p>
   </div>
   <div class='ocr_carea' id='block_1_3' title="bbox 251 2178 1374 3642">
    <p class='ocr_par' dir='ltr' id='par_1_3' title="bbox 251 2178 1133 2566">
     <span class='ocr_line' id='line_1_17' title="bbox 251 2178 921 2264; baseline 0 -22"><span class='ocrx_word' id='word_1_128' title='bbox 251 2181 354 2262; x_wconf 83' lang='lat' dir='ltr'>pltare</span> <span class='ocrx_word' id='word_1_129' title='bbox 378 2189 467 2243; x_wconf 90' lang='lat' dir='ltr'>metu</span> <span class='ocrx_word' id='word_1_130' title='bbox 492 2178 640 2264; x_wconf 72' lang='lat' dir='ltr'>(Clcot&#39;plz.</span> <span class='ocrx_word' id='word_1_131' title='bbox 670 2179 921 2262; x_wconf 89' lang='lat'>1020-1022):</span> 
     </span>
     <span class='ocr_line' id='line_1_18' title="bbox 607 2276 1009 2361; baseline -0.002 -20"><span class='ocrx_word' id='word_1_132' title='bbox 607 2276 729 2360; x_wconf 72' lang='grc' dir='ltr'><em>φέρουσι</em></span> <span class='ocrx_word' id='word_1_133' title='bbox 754 2281 813 2361; x_wconf 78' lang='grc' dir='ltr'>γὰρ</span> <span class='ocrx_word' id='word_1_134' title='bbox 838 2281 1009 2358; x_wconf 73' lang='grc' dir='ltr'>νικώμενον</span> 
     </span>
     <span class='ocr_line' id='line_1_19' title="bbox 407 2378 1133 2465; baseline -0.001 -23"><span class='ocrx_word' id='word_1_135' title='bbox 407 2379 514 2460; x_wconf 76' lang='grc' dir='ltr'><em>φρένες</em></span> <span class='ocrx_word' id='word_1_136' title='bbox 538 2379 717 2462; x_wconf 73' lang='grc' dir='ltr'><em>διίσαρκτοι·</em></span> <span class='ocrx_word' id='word_1_137' title='bbox 743 2384 820 2462; x_wconf 88' lang='grc' dir='ltr'><em>πρός</em></span> <span class='ocrx_word' id='word_1_138' title='bbox 844 2378 877 2442; x_wconf 78' lang='grc' dir='ltr'>δὲ</span> <span class='ocrx_word' id='word_1_139' title='bbox 902 2379 1015 2462; x_wconf 77' lang='grc' dir='ltr'><em>καρδίᾳ</em></span> <span class='ocrx_word' id='word_1_140' title='bbox 1038 2383 1133 2465; x_wconf 77' lang='grc' dir='ltr'><em>φόβος</em></span> 
     </span>
     <span class='ocr_line' id='line_1_20' title="bbox 407 2479 1125 2566; baseline 0.003 -24"><span class='ocrx_word' id='word_1_141' title='bbox 407 2480 497 2566; x_wconf 81' lang='grc' dir='ltr'><em>ᾄδειν</em></span> <span class='ocrx_word' id='word_1_142' title='bbox 520 2479 642 2561; x_wconf 78' lang='grc' dir='ltr'><em>ἐ’τοιμος</em></span> <span class='ocrx_word' id='word_1_143' title='bbox 665 2480 714 2560; x_wconf 78' lang='grc' dir='ltr'>ἠδ’</span> <span class='ocrx_word' id='word_1_144' title='bbox 738 2485 949 2564; x_wconf 64' lang='grc' dir='ltr'><em>ὑπορχεῖσθαι</em></span> <span class='ocrx_word' id='word_1_145' title='bbox 975 2486 1066 2564; x_wconf 84' lang='grc' dir='ltr'><em>κότῳ.</em></span> <span class='ocrx_word' id='word_1_146' title='bbox 1093 2484 1125 2565; x_wconf 83' lang='grc'>2)</span> 
     </span>
    </p>

    <p class='ocr_par' dir='ltr' id='par_1_4' title="bbox 252 2595 1374 3024">
     <span class='ocr_line' id='line_1_21' title="bbox 297 2595 1373 2679; baseline 0.001 -21"><span class='ocrx_word' id='word_1_147' title='bbox 297 2595 442 2659; x_wconf 88' lang='lat' dir='ltr'>Festinat</span> <span class='ocrx_word' id='word_1_148' title='bbox 476 2597 573 2679; x_wconf 86' lang='lat' dir='ltr'>igitur</span> <span class='ocrx_word' id='word_1_149' title='bbox 608 2596 726 2674; x_wconf 88' lang='lat' dir='ltr'>dicere,</span> <span class='ocrx_word' id='word_1_150' title='bbox 750 2598 829 2660; x_wconf 92' lang='lat' dir='ltr'>dum</span> <span class='ocrx_word' id='word_1_151' title='bbox 855 2599 971 2660; x_wconf 90' lang='lat' dir='ltr'>mentis</span> <span class='ocrx_word' id='word_1_152' title='bbox 995 2606 1045 2661; x_wconf 91' lang='lat' dir='ltr'>est</span> <span class='ocrx_word' id='word_1_153' title='bbox 1068 2619 1216 2678; x_wconf 92' lang='lat' dir='ltr'>compos,</span> <span class='ocrx_word' id='word_1_154' title='bbox 1240 2618 1274 2660; x_wconf 91' lang='lat' dir='ltr'>se</span> <span class='ocrx_word' id='word_1_155' title='bbox 1297 2617 1373 2659; x_wconf 91' lang='lat' dir='ltr'>cum</span> 
     </span>
     <span class='ocr_line' id='line_1_22' title="bbox 252 2710 1373 2794; baseline 0.001 -22"><span class='ocrx_word' id='word_1_156' title='bbox 252 2731 382 2773; x_wconf 93' lang='lat' dir='ltr'>summo</span> <span class='ocrx_word' id='word_1_157' title='bbox 406 2711 474 2773; x_wconf 90' lang='lat' dir='ltr'>iure</span> <span class='ocrx_word' id='word_1_158' title='bbox 497 2721 567 2774; x_wconf 89' lang='lat' dir='ltr'>tum</span> <span class='ocrx_word' id='word_1_159' title='bbox 591 2711 680 2775; x_wconf 89' lang='lat' dir='ltr'>iussu</span> <span class='ocrx_word' id='word_1_160' title='bbox 706 2711 868 2794; x_wconf 88' lang='lat' dir='ltr'>Apollinis</span> <span class='ocrx_word' id='word_1_161' title='bbox 892 2710 976 2774; x_wconf 90' lang='lat' dir='ltr'>hanc</span> <span class='ocrx_word' id='word_1_162' title='bbox 1000 2712 1134 2774; x_wconf 91' lang='lat' dir='ltr'>caedem</span> <span class='ocrx_word' id='word_1_163' title='bbox 1158 2712 1373 2788; x_wconf 87' lang='lat' dir='ltr'>commisisse,</span> 
     </span>
     <span class='ocr_line' id='line_1_23' title="bbox 253 2823 1374 2908; baseline 0.002 -23"><span class='ocrx_word' id='word_1_164' title='bbox 253 2845 338 2886; x_wconf 94' lang='lat' dir='ltr'>nunc</span> <span class='ocrx_word' id='word_1_165' title='bbox 372 2834 480 2888; x_wconf 89' lang='lat' dir='ltr'>autem</span> <span class='ocrx_word' id='word_1_166' title='bbox 504 2827 536 2887; x_wconf 94' lang='lat' dir='ltr'>in</span> <span class='ocrx_word' id='word_1_167' title='bbox 559 2823 657 2888; x_wconf 91' lang='lat' dir='ltr'>huius</span> <span class='ocrx_word' id='word_1_168' title='bbox 679 2826 732 2888; x_wconf 90' lang='lat' dir='ltr'>dei</span> <span class='ocrx_word' id='word_1_169' title='bbox 755 2825 880 2908; x_wconf 88' lang='lat' dir='ltr'>templo</span> <span class='ocrx_word' id='word_1_170' title='bbox 904 2823 1126 2907; x_wconf 88' lang='lat' dir='ltr'>expiationem</span> <span class='ocrx_word' id='word_1_171' title='bbox 1149 2827 1198 2888; x_wconf 91' lang='lat' dir='ltr'>sui</span> <span class='ocrx_word' id='word_1_172' title='bbox 1223 2827 1374 2889; x_wconf 86' lang='lat' dir='ltr'>facinoris</span> 
     </span>
     <span class='ocr_line' id='line_1_24' title="bbox 253 2939 802 3024; baseline 0.004 -25"><span class='ocrx_word' id='word_1_173' title='bbox 253 2959 408 3020; x_wconf 88' lang='lat' dir='ltr'>quaerere</span> <span class='ocrx_word' id='word_1_174' title='bbox 431 2939 513 3003; x_wconf 89' lang='lat' dir='ltr'>velle</span> <span class='ocrx_word' id='word_1_175' title='bbox 537 2941 802 3024; x_wconf 83' lang='lat'>(1023-1030):</span> 
     </span>
    </p>

    <p class='ocr_par' dir='ltr' id='par_1_5' title="bbox 428 3050 1160 3337">
     <span class='ocr_line' id='line_1_25' title="bbox 428 3050 1160 3136; baseline 0.003 -23"><span class='ocrx_word' id='word_1_176' title='bbox 428 3050 486 3126; x_wconf 68' lang='grc' dir='ltr'>ἕως</span> <span class='ocrx_word' id='word_1_177' title='bbox 509 3051 537 3114; x_wconf 85' lang='grc' dir='ltr'>δ’</span> <span class='ocrx_word' id='word_1_178' title='bbox 563 3052 609 3113; x_wconf 75' lang='grc' dir='ltr'><em>ἔτ’</em></span> <span class='ocrx_word' id='word_1_179' title='bbox 625 3053 761 3135; x_wconf 66' lang='grc' dir='ltr'>ε’μφρων</span> <span class='ocrx_word' id='word_1_180' title='bbox 786 3054 858 3133; x_wconf 75' lang='grc' dir='ltr'><em>εἶμί,</em></span> <span class='ocrx_word' id='word_1_181' title='bbox 884 3058 1027 3136; x_wconf 87' lang='grc' dir='ltr'><em>κηριίσσω</em></span> <span class='ocrx_word' id='word_1_182' title='bbox 1051 3051 1160 3133; x_wconf 82' lang='grc' dir='ltr'><em>φίλοις,</em></span> 
     </span>
     <span class='ocr_line' id='line_1_26' title="bbox 431 3154 1149 3238; baseline 0.004 -24"><span class='ocrx_word' id='word_1_183' title='bbox 431 3158 559 3215; x_wconf 83' lang='grc' dir='ltr'><em>κτανεῖν</em></span> <span class='ocrx_word' id='word_1_184' title='bbox 584 3178 618 3215; x_wconf 90' lang='grc' dir='ltr'>τε</span> <span class='ocrx_word' id='word_1_185' title='bbox 643 3156 719 3237; x_wconf 81' lang='grc' dir='ltr'><em>φημί</em></span> <span class='ocrx_word' id='word_1_186' title='bbox 742 3155 848 3237; x_wconf 78' lang='grc' dir='ltr'><em>μητέρ’</em></span> <span class='ocrx_word' id='word_1_187' title='bbox 873 3154 928 3216; x_wconf 81' lang='lat' dir='ltr'>our</span> <span class='ocrx_word' id='word_1_188' title='bbox 952 3159 1029 3220; x_wconf 83' lang='grc' dir='ltr'>ἄνευ</span> <span class='ocrx_word' id='word_1_189' title='bbox 1054 3155 1149 3238; x_wconf 86' lang='grc' dir='ltr'><em>δίκης,</em></span> 
     </span>
     <span class='ocr_line' id='line_1_27' title="bbox 429 3258 1131 3337; baseline 0.006 -23"><span class='ocrx_word' id='word_1_190' title='bbox 429 3261 649 3335; x_wconf 83' lang='grc' dir='ltr'>πατροκτόνον</span> <span class='ocrx_word' id='word_1_191' title='bbox 673 3258 795 3337; x_wconf 91' lang='grc' dir='ltr'><em>μίασμα</em></span> <span class='ocrx_word' id='word_1_192' title='bbox 819 3259 872 3318; x_wconf 87' lang='grc' dir='ltr'>καί</span> <span class='ocrx_word' id='word_1_193' title='bbox 896 3262 983 3318; x_wconf 71' lang='grc' dir='ltr'>θεῶν</span> <span class='ocrx_word' id='word_1_194' title='bbox 1008 3262 1131 3336; x_wconf 75' lang='grc' dir='ltr'><em>στόνος,</em></span> 
     </span>
    </p>

    <p class='ocr_par' dir='ltr' id='par_1_6' title="bbox 431 3354 1164 3642">
     <span class='ocr_line' id='line_1_28' title="bbox 431 3354 1164 3440; baseline 0.004 -24"><span class='ocrx_word' id='word_1_195' title='bbox 431 3357 483 3416; x_wconf 81' lang='grc' dir='ltr'>καὶ</span> <span class='ocrx_word' id='word_1_196' title='bbox 507 3354 624 3437; x_wconf 80' lang='grc' dir='ltr'><em>φίλτρα</em></span> <span class='ocrx_word' id='word_1_197' title='bbox 648 3355 764 3440; x_wconf 89' lang='grc' dir='ltr'><em>τόλμης</em></span> <span class='ocrx_word' id='word_1_198' title='bbox 787 3356 880 3436; x_wconf 79' lang='grc' dir='ltr'><em>τῆσδε</em></span> <span class='ocrx_word' id='word_1_199' title='bbox 905 3356 1164 3440; x_wconf 82' lang='grc' dir='ltr'><em>πλειστηρίζομαι</em></span> 
     </span>
     <span class='ocr_line' id='line_1_29' title="bbox 432 3457 1150 3543; baseline 0.004 -25"><span class='ocrx_word' id='word_1_200' title='bbox 432 3460 487 3519; x_wconf 93' lang='grc' dir='ltr'><em>τόν</em></span> <span class='ocrx_word' id='word_1_201' title='bbox 513 3462 721 3537; x_wconf 64' lang='grc' dir='ltr'><em>πυθόμαντιν</em></span> <span class='ocrx_word' id='word_1_202' title='bbox 746 3457 882 3538; x_wconf 84' lang='grc' dir='ltr'><em>Λοξίαν,</em></span> <span class='ocrx_word' id='word_1_203' title='bbox 907 3460 1060 3543; x_wconf 70' lang='grc' dir='ltr'><em>χρήσαντ’</em></span> <span class='ocrx_word' id='word_1_204' title='bbox 1085 3461 1150 3540; x_wconf 74' lang='grc' dir='ltr'><em>ἐμοὶ</em></span> 
     </span>
     <span class='ocr_line' id='line_1_30' title="bbox 431 3558 1159 3642; baseline 0.003 -21"><span class='ocrx_word' id='word_1_205' title='bbox 431 3558 593 3641; x_wconf 84' lang='grc' dir='ltr'><em>πράξαντι</em></span> <span class='ocrx_word' id='word_1_206' title='bbox 616 3561 673 3642; x_wconf 80' lang='grc' dir='ltr'>μὲν</span> <span class='ocrx_word' id='word_1_207' title='bbox 698 3560 793 3625; x_wconf 68' lang='grc' dir='ltr'><em>ταῦτ’</em></span> <span class='ocrx_word' id='word_1_208' title='bbox 819 3562 906 3634; x_wconf 75' lang='grc' dir='ltr'><em>ε’κτός</em></span> <span class='ocrx_word' id='word_1_209' title='bbox 930 3563 1038 3635; x_wconf 82' lang='grc' dir='ltr'><em>αἰτίας</em></span> <span class='ocrx_word' id='word_1_210' title='bbox 1062 3568 1159 3640; x_wconf 74' lang='grc' dir='ltr'><em>κακῆς</em></span> 
     </span>
    </p>
   </div>
   <div class='ocr_carea' id='block_1_4' title="bbox 430 3655 1137 3747">
    <p class='ocr_par' dir='ltr' id='par_1_7' title="bbox 430 3655 1137 3747">
     <span class='ocr_line' id='line_1_31' title="bbox 430 3655 1137 3747; baseline 0.001 -23"><span class='ocrx_word' id='word_1_211' title='bbox 430 3655 521 3741; x_wconf 80' lang='grc' dir='ltr'><em>εἶναι,</em></span> <span class='ocrx_word' id='word_1_212' title='bbox 546 3662 690 3744; x_wconf 80' lang='grc' dir='ltr'><em>παρέντα</em></span> <span class='ocrx_word' id='word_1_213' title='bbox 715 3659 743 3725; x_wconf 74' lang='grc' dir='ltr'>δ’</span> <span class='ocrx_word' id='word_1_214' title='bbox 767 3663 822 3725; x_wconf 74' lang='grc' dir='ltr'>οὐκ</span> <span class='ocrx_word' id='word_1_215' title='bbox 847 3665 905 3747; x_wconf 81' lang='grc' dir='ltr'>ἐρῶ</span> <span class='ocrx_word' id='word_1_216' title='bbox 930 3666 988 3743; x_wconf 85' lang='grc' dir='ltr'><em>τὴν</em></span> <span class='ocrx_word' id='word_1_217' title='bbox 1013 3664 1137 3746; x_wconf 82' lang='grc' dir='ltr'><em>ζημίαν·</em></span> 
     </span>
    </p>
   </div>
   <div class='ocr_carea' id='block_1_5' title="bbox 251 3764 1372 4074">
    <p class='ocr_par' dir='ltr' id='par_1_8' title="bbox 251 3764 1372 4074">
     <span class='ocr_line' id='line_1_32' title="bbox 430 3764 1103 3848; baseline 0.003 -24"><span class='ocrx_word' id='word_1_218' title='bbox 430 3764 510 3846; x_wconf 82' lang='grc' dir='ltr'><em>τόξῳ</em></span> <span class='ocrx_word' id='word_1_219' title='bbox 533 3766 593 3847; x_wconf 73' lang='grc' dir='ltr'>γὰρ</span> <span class='ocrx_word' id='word_1_220' title='bbox 617 3769 704 3837; x_wconf 85' lang='grc' dir='ltr'><em>ο-ότις</em></span> <span class='ocrx_word' id='word_1_221' title='bbox 729 3770 886 3848; x_wconf 83' lang='grc' dir='ltr'><em>πημάτων</em></span> <span class='ocrx_word' id='word_1_222' title='bbox 912 3764 1103 3848; x_wconf 83' lang='grc' dir='ltr'><em>προσίξεται.</em></span> 
     </span>
     <span class='ocr_line' id='line_1_33' title="bbox 297 3876 1372 3963; baseline 0.006 -24"><span class='ocrx_word' id='word_1_223' title='bbox 297 3876 425 3941; x_wconf 87' lang='lat' dir='ltr'>Chorus</span> <span class='ocrx_word' id='word_1_224' title='bbox 459 3901 616 3962; x_wconf 84' lang='lat' dir='ltr'>angorem</span> <span class='ocrx_word' id='word_1_225' title='bbox 651 3882 750 3943; x_wconf 90' lang='lat' dir='ltr'>animi</span> <span class='ocrx_word' id='word_1_226' title='bbox 782 3880 850 3943; x_wconf 89' lang='lat' dir='ltr'>eius</span> <span class='ocrx_word' id='word_1_227' title='bbox 882 3881 1105 3963; x_wconf 86' lang='lat' dir='ltr'>mitigantibus</span> <span class='ocrx_word' id='word_1_228' title='bbox 1130 3881 1236 3944; x_wconf 89' lang='lat' dir='ltr'>verbis</span> <span class='ocrx_word' id='word_1_229' title='bbox 1259 3882 1372 3945; x_wconf 88' lang='lat' dir='ltr'>tollere</span> 
     </span>
     <span class='ocr_line' id='line_1_34' title="bbox 251 3991 1372 4074; baseline 0.006 -22"><span class='ocrx_word' id='word_1_230' title='bbox 251 4001 398 4070; x_wconf 88' lang='lat' dir='ltr'>conatur,</span> <span class='ocrx_word' id='word_1_231' title='bbox 432 3994 491 4055; x_wconf 88' lang='lat' dir='ltr'>sed</span> <span class='ocrx_word' id='word_1_232' title='bbox 526 3991 660 4057; x_wconf 86' lang='lat' dir='ltr'>Orestes</span> <span class='ocrx_word' id='word_1_233' title='bbox 695 3995 759 4058; x_wconf 90' lang='lat' dir='ltr'>iam</span> <span class='ocrx_word' id='word_1_234' title='bbox 796 3996 883 4058; x_wconf 88' lang='lat' dir='ltr'>videt</span> <span class='ocrx_word' id='word_1_235' title='bbox 918 3995 989 4058; x_wconf 88' lang='lat' dir='ltr'>illas</span> <span class='ocrx_word' id='word_1_236' title='bbox 1024 3994 1185 4058; x_wconf 91' lang='lat' dir='ltr'>horribilis</span> <span class='ocrx_word' id='word_1_237' title='bbox 1210 3996 1372 4074; x_wconf 81' lang='lat' dir='ltr'>muliereS,</span> 
     </span>
    </p>
   </div>
   <div class='ocr_carea' id='block_1_6' title="bbox 250 4177 1372 4425">
    <p class='ocr_par' dir='ltr' id='par_1_9' title="bbox 250 4177 1372 4425">
     <span class='ocr_line' id='line_1_35' title="bbox 288 4177 892 4245; baseline 0.008 -21"><span class='ocrx_word' id='word_1_238' title='bbox 288 4186 310 4240; x_wconf 75' lang='grc' dir='ltr'>Ι)</span> <span class='ocrx_word' id='word_1_239' title='bbox 329 4177 381 4226; x_wconf 91' lang='lat' dir='ltr'>Des</span> <span class='ocrx_word' id='word_1_240' title='bbox 399 4178 537 4241; x_wconf 81' lang='lat' dir='ltr'>Aeschylos</span> <span class='ocrx_word' id='word_1_241' title='bbox 556 4179 723 4239; x_wconf 88' lang='lat' dir='ltr'>Eumeniden,</span> <span class='ocrx_word' id='word_1_242' title='bbox 742 4181 809 4228; x_wconf 89' lang='lat' dir='ltr'>Einl.</span> <span class='ocrx_word' id='word_1_243' title='bbox 827 4197 850 4244; x_wconf 91' lang='lat' dir='ltr'>p.</span> <span class='ocrx_word' id='word_1_244' title='bbox 869 4191 892 4245; x_wconf 82' lang='lat'>5.</span> 
     </span>
     <span class='ocr_line' id='line_1_36' title="bbox 285 4266 1372 4337; baseline 0.005 -23"><span class='ocrx_word' id='word_1_245' title='bbox 285 4266 309 4330; x_wconf 81' lang='lat'>2)</span> <span class='ocrx_word' id='word_1_246' title='bbox 338 4267 430 4316; x_wconf 91' lang='lat' dir='ltr'>Melius</span> <span class='ocrx_word' id='word_1_247' title='bbox 462 4268 565 4318; x_wconf 83' lang='lat' dir='ltr'>sortasse</span> <span class='ocrx_word' id='word_1_248' title='bbox 599 4271 682 4335; x_wconf 84' lang='grc' dir='ltr'><em>κρότῳ</em></span> <span class='ocrx_word' id='word_1_249' title='bbox 714 4271 755 4336; x_wconf 80' lang='lat' dir='ltr'>(ex</span> <span class='ocrx_word' id='word_1_250' title='bbox 781 4272 957 4320; x_wconf 85' lang='lat' dir='ltr'>emendatione</span> <span class='ocrx_word' id='word_1_251' title='bbox 982 4272 1114 4337; x_wconf 86' lang='lat' dir='ltr'>Abreschi,</span> <span class='ocrx_word' id='word_1_252' title='bbox 1140 4287 1215 4337; x_wconf 85' lang='lat' dir='ltr'>quam</span> <span class='ocrx_word' id='word_1_253' title='bbox 1241 4272 1372 4322; x_wconf 87' lang='lat' dir='ltr'>Wecklein</span> 
     </span>
     <span class='ocr_line' id='line_1_37' title="bbox 250 4357 362 4425; baseline 0.018 -20"><span class='ocrx_word' id='word_1_254' title='bbox 250 4357 362 4425; x_wconf 85' lang='lat' dir='ltr'>recepit).</span> 
     </span>
    </p>
   </div>
   <div class='ocr_carea' id='block_1_7' title="bbox 0 0 1558 4822">
    <p class='ocr_par' dir='ltr' id='par_1_10' title="bbox 0 0 1558 4822">
     <span class='ocr_line' id='line_1_38' title="bbox 0 0 1558 4822; baseline 0 0"><span class='ocrx_word' id='word_1_255' title='bbox 0 0 1558 4822; x_wconf 95' lang='lat' dir='ltr'> </span> 
     </span>
    </p>
   </div>
  </div>
 </body>
</html>
