3106 4822
832 259 892 336 146

294 445 436 524 angitur,
470 443 561 525 quod
596 443 695 524 paulo
731 453 806 506 ante
843 454 982 509 mortem
1005 444 1132 508 habuit.
1161 444 1189 527 1)
1212 445 1435 529 Aeschylum

294 567 405 621 autem
429 558 634 639 gravioribus
657 559 794 621 somniis
818 560 977 641 originem
1002 560 1145 623 divinam
1165 560 1319 622 tribuisse
1330 570 1434 643 patet

294 692 338 735 ex
361 693 412 749 eo,
436 672 527 754 quod
542 680 678 754 utraque
692 672 817 746 mulier,
830 673 988 736 Atossam
1002 673 1077 736 dico
1089 683 1121 737 et
1135 671 1428 756 Clytaemestram,

294 786 357 848 diis
379 785 594 848 sacrificando
619 786 743 849 malum
767 796 920 849 eventum
940 796 1086 850 avertere
1099 796 1246 864 conatur,
1259 789 1429 870 quodque
1453 829 1455 833 ν

294 898 350 961 Ius
386 900 553 962 somnium
588 899 728 962 oraculis
765 901 950 964 Dodonaeo
984 910 1016 964 et
1048 899 1168 983 Pythio
1192 899 1426 979 confirmatur3

293 1022 364 1074 tum
399 1032 439 1074 ex
478 1033 529 1089 eo,
565 1013 655 1095 quod
690 1015 894 1076 somniorum
930 1017 1121 1096 interpretes
1157 1016 1276 1075 aaron
1308 1010 1426 1077 λακεῖν

294 1126 456 1189 dicuntur.
483 1127 514 1207 2)
548 1126 677 1206 Quodsi
701 1127 782 1189 deus
806 1129 939 1209 quidem
963 1131 1088 1190 somnia
1112 1130 1276 1205 excitaret,
1303 1138 1340 1191 ut
1362 1150 1429 1210 per

295 1261 434 1303 cacum
458 1239 647 1303 hominibus
671 1240 793 1322 aliquid
819 1243 1085 1316 communicaret,
1110 1261 1169 1303 nec
1193 1250 1303 1304 tamen
1315 1261 1424 1304 verax

294 1366 388 1429 esset,
413 1355 492 1437 quid
515 1354 649 1418 tandem
673 1355 801 1417 somnia
825 1354 981 1419 haberent
1004 1356 1188 1418 momenti?

340 1467 434 1530 Haec
468 1469 510 1528 de
545 1467 596 1529 dei
632 1469 766 1530 veritate
799 1470 862 1531 iam
893 1468 1090 1545 sufficerent,
1114 1469 1175 1531 nisi
1199 1469 1232 1530 in
1255 1465 1423 1549 Aeschyli

293 1580 472 1661 tragoediis
507 1580 568 1642 loci
604 1590 825 1658 occurrerent,
861 1582 915 1644 ubi
951 1582 1033 1645 deus
1069 1582 1204 1645 minime
1240 1581 1426 1644 mendaciis

293 1694 456 1758 abstinere
479 1695 635 1757 videatur.
672 1696 804 1776 Fragm.
831 1713 893 1775 302
918 1696 983 1778 (ed.
1007 1695 1137 1770 Nauck)
1164 1696 1299 1778 legitur:

476 1806 606 1890 ψευδῶν
631 1806 663 1870 δὲ
688 1810 797 1888 καιρὸν
822 1809 894 1870 ἔσθ’
916 1810 997 1870 ὅπου
1021 1817 1098 1889 τιμᾷ
1123 1813 1208 1881 θεὸς.

296 1933 328 1987 et
352 1925 471 2004 Agam·
493 1938 689 2004 454-4571

495 2037 592 2118 πυρὸς
616 2034 644 2096 rl’
667 2035 723 2096 ὑπ’
748 2034 915 2114 rucryye'lor·

496 2147 591 2221 πόλιν
616 2147 713 2228 διήκει
738 2151 803 2210 θοὰ

498 2262 598 2345 βάξις·
623 2265 651 2324 εἴ
674 2261 702 2323 d'
727 2264 890 2341 ἐτήτυμο,·,

498 2376 545 2447 τίς
569 2369 660 2453 οἶδεν,
685 2380 705 2452 ἦ
728 2400 775 2438 τοι
800 2379 889 2439 θεῖόν
913 2376 979 2436 ἐστι
1003 2377 1056 2454 μὴ·
1071 2380 1188 2456 ψύθος.

337 2503 385 2566 At
409 2502 465 2564 illo
488 2503 671 2584 fragmento
695 2503 776 2565 deus
801 2523 866 2564 non
891 2503 1007 2564 dicitur
1027 2501 1167 2577 mentiri,
1181 2501 1418 2570 sedinterdum

294 2617 470 2679 mendaciis
512 2618 542 2695 (i.
579 2638 606 2678 e.
642 2616 813 2680 hominum
849 2616 1027 2679 mendaciis
1061 2617 1118 2679 vell
1148 2615 1322 2698 erroribus)
1360 2618 1419 2692 uti,

293 2731 396 2795 altero
419 2740 528 2794 autem
552 2752 595 2793 ex
618 2731 738 2810 Agam.
763 2732 836 2793 loco
860 2729 1036 2805 dubitatur,
1060 2750 1101 2791 an
1125 2729 1179 2790 illa
1199 2729 1313 2791 celeris
1332 2729 1422 2791 sama

294 2843 372 2928 (θοὰ
407 2841 507 2926 βάξις)
532 2845 641 2907 divina
665 2845 753 2907 sraus
776 2845 827 2907 sit.
877 2843 953 2905 Hoc
977 2844 1076 2926 igitur
1100 2843 1174 2905 loco
1199 2844 1280 2905 deus
1306 2863 1421 2905 rursus

295 2960 413 3021 dicitur
447 2958 574 3021 efficere
608 2979 715 3041 posse,
754 2968 789 3020 ut
823 2959 973 3020 homines
1006 2959 1203 3021 mentiantur
1226 2956 1277 3020 vel
1302 2956 1421 3018 salsam

296 3072 466 3154 divulgent
489 3074 622 3150 samam,
647 3094 712 3135 non
737 3074 805 3154 ipse
830 3073 956 3134 mentiri
980 3079 1125 3154 putatur.
1149 3069 1183 3133 Si
1204 3080 1314 3134 autem
1340 3070 1422 3142 Ζεύς
1469 3125 1471 3129 .

295 3184 391 3247 ἄδικα
416 3184 499 3266 νέμει
524 3191 630 3258 κοικοῖ,1
655 3186 779 3270 (Suppl.
807 3186 1006 3269 388-389)‚
1029 3205 1135 3267 neque
1153 3183 1282 3265 ἀπάτης
1295 3180 1421 3256 δικαίας

295 3303 478 3364 ἀποστατεῖ
511 3304 638 3386 (fragm.
675 3301 763 3382 301),
800 3301 819 3362 i.
855 3321 884 3363 e.
919 3301 946 3362 si
971 3300 1080 3363 divina
1104 3299 1227 3362 iustitia
1252 3300 1424 3385 interdum·

296 3439 364 3481 rem
400 3438 439 3480 eo
474 3417 632 3499 perducit,
659 3424 694 3477 ut
717 3414 872 3476 homines
896 3434 1048 3496 perverse
1072 3421 1181 3494 agant,
1204 3414 1318 3494 quidni
1340 3413 1416 3475 item

296 3533 463 3608 faciat,.ut
485 3550 636 3613 perverse
659 3529 834 3611 loquantur
858 3528 910 3590 vel
936 3528 1154 3590 mentiantur?
1202 3527 1296 3590 Haec
1319 3526 1417 3609 igitur

295 3648 336 3709 ad
371 3644 508 3708 eandem
543 3645 632 3707 illam
663 3644 889 3726 quaestionem
922 3642 1069 3718 redeunt,
1094 3643 1149 3723 qui
1173 3641 1243 3704 scil,
1269 3641 1420 3704 homines

295 3781 432 3842 peccare
447 3768 478 3821 et
491 3757 597 3841 puniri
611 3760 748 3841 possint,
764 3778 823 3820 nec
836 3767 945 3820 tamen
958 3756 1138 3838 quidquam
1151 3775 1170 3817 e
1183 3755 1291 3818 divina
1305 3755 1420 3818 mundi

296 3875 532 3955 gubernatione
556 3874 598 3935 sit
621 3873 852 3954 excipiendum
874 3881 930 3934 aut
943 3849 1017 3932 Deo
1031 3871 1152 3932 iustitia
1164 3870 1204 3931 sit
1216 3868 1419 3950 abroganda.

298 3989 408 4069 Quam
433 3989 523 4050 litem
547 3986 736 4067 Aeschylus
760 4007 825 4048 non
850 3987 987 4048 diremit.
1013 3984 1086 4045 Nee
1108 3983 1227 4064 potuit,
1251 4003 1328 4045 nam
1348 3980 1421 4044 nul-

363 4151 373 4155 ..
387 4148 492 4155 ρ--ψ-

332 4240 354 4300 ι)
373 4235 487 4298 Choeph.
507 4246 613 4294 22—42.

331 4328 355 4394 2)
374 4327 488 4390 Choeph.
505 4338 546 4387 37.
