3106 4822
742 282 803 343 116
883 367 884 370 Ἴ

255 465 354 548 Quod
387 477 497 530 autem
522 468 602 530 deus
626 468 737 534 omnia
760 468 966 549 singulorum
989 469 1161 534 hominum
1185 483 1337 555 tempora

210 591 243 645 et
265 592 387 645 aetates
409 583 587 658 constituit,
613 592 647 646 ut
671 583 811 665 legimus
834 582 949 664 fragm.
974 583 1039 663 362
1063 585 1150 667 (pag.
1180 589 1243 649 108
1257 588 1335 649 edit.
1364 603 1368 612 ’

212 695 361 777 Nauck):

344 795 513 872 citt’uurf
539 806 644 870 πολλὰ
669 807 828 890 τραύματ’
853 810 885 870 ἐν
910 808 1049 891 στέρνοις
1073 808 1181 895 λαβὼν

343 927 474 1005 θνῄσκει
500 946 559 1001 τις,
583 924 610 984 εἴ
632 925 673 1002 μὴ
698 921 794 1005 τέρμα
818 923 978 1007 συντρέχοι
1001 923 1085 1009 βίου,

344 1035 412 1098 οὔτ’
437 1039 470 1098 ἐν
494 1036 587 1120 στέγῃ
613 1062 660 1110 τις
684 1039 794 1117 ἢμενος
819 1035 895 1119 παρ’
920 1036 1011 1123 ἑστίᾳ

344 1157 450 1230 (petisti
477 1175 506 1212 τι
531 1149 653 1231 μᾶλλον
677 1153 733 1217 τὸν
758 1150 965 1231 πεπρωμένον
987 1154 1094 1231 μόρον,
1125 1154 1155 1236 1)

210 1268 265 1348 qui
301 1266 364 1329 hoc
388 1266 577 1350 Aeschylus
602 1287 667 1329 non
691 1268 800 1348 potius
825 1266 967 1329 infinitae
992 1267 1168 1348 sapientiae
1193 1268 1331 1345 divinae,

211 1402 310 1462 quam
335 1401 434 1442 caeco
457 1381 590 1443 arbitrio
613 1381 810 1444 attribuerit!
836 1381 998 1444 Videmus
1022 1383 1122 1462 igitur
1145 1381 1334 1444 hominibus

211 1497 321 1557 omnia
355 1517 374 1557 a
409 1495 473 1557 deo
504 1498 702 1578 contingere,
735 1497 900 1579 deumque
923 1518 981 1561 cos
1004 1507 1060 1559 aut
1083 1498 1127 1559 ita
1151 1517 1273 1578 regere,
1300 1506 1337 1558 ut

212 1609 252 1670 ad
275 1609 328 1690 pie
352 1608 512 1690 beateque
535 1609 708 1671 vivendum
734 1610 923 1686 educentur,
947 1620 1014 1687 aut,
1034 1611 1060 1671 si
1082 1611 1114 1671 in
1137 1631 1196 1672 sua
1216 1610 1337 1690 impro-

210 1724 310 1787 bitate
333 1733 551 1806 perseverent,
576 1725 726 1806 quamvis
750 1726 912 1788 interdum
937 1747 1019 1800 sem,
1047 1733 1151 1787 morte
1165 1724 1336 1806 gravibus·

212 1859 276 1921 que
309 1849 384 1920 post
419 1847 557 1902 mortem
592 1840 706 1921 poenis
739 1861 796 1902 eos
820 1840 957 1903 afficere.
994 1839 1124 1922 Quodsi
1148 1838 1336 1928 hominibus

212 1960 323 2014 sancte
358 1961 389 2014 et
419 1952 503 2014 iuste
527 1953 700 2014 vivendum
727 1961 785 2029 est,
810 1953 887 2035 quia
909 1953 991 2015 deus
1015 1952 1079 2014 hoc
1103 1953 1146 2015 ita
1169 1951 1248 2026 vult,
1275 1950 1336 2012 hae

211 2065 344 2127 virtutes
377 2064 408 2125 in
433 2064 496 2125 deo
519 2066 591 2146 ipso
616 2066 751 2127 omnino
775 2085 839 2126 non
865 2066 1041 2127 desiderari
1065 2066 1184 2127 debent
1210 2070 1254 2142 2).
1285 2064 1337 2125 De

211 2178 262 2240 his
287 2179 386 2259 igitur
409 2179 441 2239 iu
465 2177 598 2259 reliquis
622 2178 781 2259 capitibus
805 2179 900 2240 nobis
923 2178 1100 2241 dicendum
1124 2180 1191 2242 erit.
1231 2225 1233 2230 .

247 2379 269 2443 1)
287 2380 328 2427 Ab
347 2380 408 2427 Iove
425 2380 491 2428 enirn
509 2382 538 2427 τὸ
557 2381 731 2446 πεπρωμένον
750 2378 921 2442 proficiscitur.

245 2470 269 2537 2)
291 2471 342 2520 Csr.
361 2471 427 2520 Petri
444 2471 514 2537 epist.
532 2472 554 2534 I,
572 2485 592 2534 1,
613 2471 657 2521 16:
683 2470 765 2537 (διότι
785 2467 951 2536 γέγραπται)
973 2467 1062 2532 ‘'Ayuu
1082 2468 1208 2532 γένεσθε,
1226 2467 1266 2515 ὅτι
1285 2469 1336 2530 ἐγὼ

211 2564 287 2627 ἅγιός
305 2567 365 2624 εἰμι.
384 2562 417 2610 Et
436 2563 515 2612 Levit.
535 2563 582 2620 XI,
600 2576 640 2623 44,
659 2573 708 2626 453
726 2563 800 2621 XIX,
819 2575 842 2623 2,
860 2561 918 2621 XX,
938 2572 959 2623 7.
