3106 4822
732 281 789 326 Ill

244 453 287 517 Et
320 473 408 529 sane,
443 453 470 514 si
507 452 557 514 dei
593 461 673 514 nutu
710 450 837 512 caelum
874 460 906 519 et
929 459 1071 541 terrauet
1097 469 1187 512 mare
1210 449 1329 532 permi-

200 569 383 645 scebantur,
406 575 463 630 aut
485 568 511 628 si
537 565 670 628 Xerxes
694 585 773 628 sana
797 574 905 628 mente
917 566 1117 648 privabatur,
1131 565 1203 647 quis
1223 562 1325 626 Grae·

201 702 316 745 corum
349 689 489 763 putaret,
523 699 658 762 quaeso,
691 678 755 741 deo
778 679 820 741 ad
844 678 902 741 has
926 699 977 742 res
1001 678 1188 742 efficiendas
1212 677 1324 740 labore

201 804 234 859 et
267 795 475 858 contentione
511 813 594 875 opus
619 792 743 854 luisse?
790 790 874 855 Sunt
897 793 1031 874 quidem
1055 792 1098 854 dii
1123 791 1271 873 deaeque
1296 790 1329 851 in

201 907 361 991 Aeschyli
386 907 515 982 fabulis,
539 926 681 988 quorum
704 907 849 987 potentia
873 905 1053 969 admodum
1076 926 1177 988 parva
1190 906 1328 980 videtur,

203 1031 239 1086 ut
258 1043 285 1087 e.
305 1041 354 1103 gr.
375 1021 546 1101 Erinyum,
568 1019 688 1101 quippe
708 1040 792 1101 quae
811 1020 853 1082 ab
875 1019 1054 1082 minoribus
1068 1019 1130 1081 diis
1146 1029 1181 1082 ut
1194 1018 1330 1082 infantes

202 1144 391 1212 tractentur,
426 1136 486 1197 sed
520 1134 601 1197 haec
636 1135 743 1216 magis
774 1135 815 1198 ad
847 1133 1006 1218 Aeschyli
1030 1144 1133 1199 artem
1157 1135 1329 1217 pertinent,

203 1260 236 1316 et
268 1258 435 1332 praeterea
469 1249 521 1312 hic
556 1270 622 1312 non
653 1249 792 1332 amplius
824 1241 1001 1332 quaeritur,
1025 1251 1196 1332 quomodo
1221 1250 1330 1312 divina

202 1368 349 1450 potentia
382 1367 465 1430 inter
499 1367 580 1431 deos
614 1368 720 1430 divisa
755 1368 806 1445 sit,
830 1368 888 1430 sed
912 1368 976 1431 hoc
998 1369 1119 1451 potius,
1144 1376 1266 1451 quanta
1290 1368 1331 1430 sit

204 1501 332 1544 summa
365 1480 462 1543 huius
497 1481 626 1543 divinae
660 1483 835 1563 potentiae.
884 1483 1001 1565 Neque
1026 1482 1140 1545 dubito
1171 1480 1331 1544 affirmare

204 1596 302 1659 talem
326 1595 517 1677 potentiam,
540 1595 672 1678 qualem
696 1597 737 1659 ab
761 1593 932 1678 Aeschylo
957 1597 1069 1660 divino
1093 1597 1218 1658 numini
1242 1597 1329 1658 attri-

204 1708 261 1771 bui
303 1709 461 1785 videmuS,
505 1708 664 1772 infinitam
701 1731 772 1772 esse
807 1719 907 1793 atque
941 1711 1008 1772 sere
1043 1711 1193 1786 eandem,
1230 1730 1330 1792 quam

206 1821 377 1886 Christiani
400 1843 461 1886 suo
485 1822 546 1885 deo
567 1843 698 1899 summo
717 1824 786 1884 iure
800 1823 990 1899 attribuunt,
1009 1844 1174 1905 quamque
1185 1823 1330 1904 theologi

206 1936 478 2018 omnipotentiam
502 1956 620 1999 vocare
644 1915 760 1998 solent.
790 1935 818 2017 1)

243 2159 266 2224 1)
292 2158 359 2208 Vide
385 2158 417 2206 G.
456 2158 569 2219 Dronke,
607 2158 657 2205 Die
685 2156 818 2221 religiosen
845 2157 896 2205 und
922 2156 1046 2205 sittliehen
1073 2156 1265 2220 Vorstellungen
1290 2157 1334 2205 des

208 2249 348 2313 Aeschylos
366 2249 417 2297 und
435 2248 582 2313 Sophocles,
599 2266 623 2313 p.
643 2259 665 2310 7.
685 2247 736 2299 Csr.
754 2265 780 2313 p.
798 2263 839 2308 24,
857 2255 940 2296 annot.
959 2249 1028 2307 1,11.
1045 2277 1078 2286 —
1097 2248 1164 2296 Iovis
1173 2248 1332 2312 cognomina,

176 2333 179 2338 ’
208 2341 240 2389 ad
258 2341 311 2389 eius
327 2340 464 2404 potentiam
481 2340 627 2404 spectantia,
646 2341 702 2389 vide
719 2358 743 2406 p.
762 2354 869 2404 30-31.
