<?xml version="1.0" encoding="UTF-8"?>
<!DOCTYPE html PUBLIC "-//W3C//DTD XHTML 1.0 Transitional//EN"
    "http://www.w3.org/TR/xhtml1/DTD/xhtml1-transitional.dtd">
<html xmlns="http://www.w3.org/1999/xhtml" xml:lang="en" lang="en">
 <head>
  <title>
</title>
<meta http-equiv="Content-Type" content="text/html;charset=utf-8" />
  <meta name='ocr-system' content='tesseract 3.04.00' />
  <meta name='ocr-capabilities' content='ocr_page ocr_carea ocr_par ocr_line ocrx_word'/>
</head>
<body>
  <div class='ocr_page' id='page_1' title='image "./dedeoaeschyleo00fiscgoog_0043.png"; bbox 0 0 3106 4822; ppageno 0'>
   <div class='ocr_carea' id='block_1_1' title="bbox 752 251 792 311">
    <p class='ocr_par' dir='ltr' id='par_1_1' title="bbox 752 251 792 311">
     <span class='ocr_line' id='line_1_1' title="bbox 752 251 792 311; baseline 0 0"><span class='ocrx_word' id='word_1_1' title='bbox 752 251 792 311; x_wconf 89' lang='lat'>28</span> 
     </span>
    </p>
   </div>
   <div class='ocr_carea' id='block_1_2' title="bbox 210 433 1393 1527">
    <p class='ocr_par' dir='ltr' id='par_1_2' title="bbox 210 433 1393 1527">
     <span class='ocr_line' id='line_1_2' title="bbox 259 433 1335 522; baseline 0.008 -29"><span class='ocrx_word' id='word_1_2' title='bbox 259 433 383 494; x_wconf 88' lang='lat' dir='ltr'><strong>Rerum</strong></span> <span class='ocrx_word' id='word_1_3' title='bbox 419 441 533 495; x_wconf 89' lang='lat' dir='ltr'>natura</span> <span class='ocrx_word' id='word_1_4' title='bbox 565 435 718 516; x_wconf 89' lang='lat' dir='ltr'>quoniam</span> <span class='ocrx_word' id='word_1_5' title='bbox 743 455 784 496; x_wconf 86' lang='lat' dir='ltr'>ex</span> <span class='ocrx_word' id='word_1_6' title='bbox 809 435 937 499; x_wconf 89' lang='lat' dir='ltr'>duabus</span> <span class='ocrx_word' id='word_1_7' title='bbox 961 448 1088 502; x_wconf 86' lang='lat' dir='ltr'>constat</span> <span class='ocrx_word' id='word_1_8' title='bbox 1110 440 1269 522; x_wconf 78' lang='lat' dir='ltr'>partibuS,</span> <span class='ocrx_word' id='word_1_9' title='bbox 1293 461 1335 502; x_wconf 85' lang='lat' dir='ltr'>ex</span> 
     </span>
     <span class='ocr_line' id='line_1_3' title="bbox 211 548 1334 637; baseline 0.007 -28"><span class='ocrx_word' id='word_1_10' title='bbox 211 549 249 610; x_wconf 89' lang='lat' dir='ltr'>iis</span> <span class='ocrx_word' id='word_1_11' title='bbox 285 548 366 624; x_wconf 86' lang='lat' dir='ltr'>scil,</span> <span class='ocrx_word' id='word_1_12' title='bbox 401 549 521 630; x_wconf 93' lang='lat' dir='ltr'>quibus</span> <span class='ocrx_word' id='word_1_13' title='bbox 556 551 622 613; x_wconf 88' lang='lat' dir='ltr'>vita</span> <span class='ocrx_word' id='word_1_14' title='bbox 656 551 741 614; x_wconf 92' lang='lat' dir='ltr'>inest</span> <span class='ocrx_word' id='word_1_15' title='bbox 776 559 808 613; x_wconf 91' lang='lat' dir='ltr'>et</span> <span class='ocrx_word' id='word_1_16' title='bbox 831 552 880 629; x_wconf 75' lang='lat' dir='ltr'>lie,</span> <span class='ocrx_word' id='word_1_17' title='bbox 904 573 989 634; x_wconf 92' lang='lat' dir='ltr'>quae</span> <span class='ocrx_word' id='word_1_18' title='bbox 1012 555 1079 618; x_wconf 88' lang='lat' dir='ltr'>vita</span> <span class='ocrx_word' id='word_1_19' title='bbox 1102 565 1214 618; x_wconf 84' lang='lat' dir='ltr'>carent</span> <span class='ocrx_word' id='word_1_20' title='bbox 1238 561 1334 637; x_wconf 88' lang='lat' dir='ltr'>(quae</span> 
     </span>
     <span class='ocr_line' id='line_1_4' title="bbox 212 662 1393 752; baseline 0.006 -27"><span class='ocrx_word' id='word_1_21' title='bbox 212 674 283 725; x_wconf 78' lang='lat' dir='ltr'>nos&#39;</span> <span class='ocrx_word' id='word_1_22' title='bbox 309 662 442 745; x_wconf 86' lang='lat' dir='ltr'>Belgice</span> <span class='ocrx_word' id='word_1_23' title='bbox 472 683 629 726; x_wconf 87' lang='lat' dir='ltr'>vocamus</span> <span class='ocrx_word' id='word_1_24' title='bbox 661 665 855 746; x_wconf 87' lang='lat' dir='ltr'>organische</span> <span class='ocrx_word' id='word_1_25' title='bbox 878 676 911 730; x_wconf 92' lang='lat' dir='ltr'>et</span> <span class='ocrx_word' id='word_1_26' title='bbox 934 668 1173 751; x_wconf 86' lang='lat' dir='ltr'>anorganische</span> <span class='ocrx_word' id='word_1_27' title='bbox 1197 676 1336 748; x_wconf 80' lang='lat' dir='ltr'>natuur),</span> <span class='ocrx_word' id='word_1_28' title='bbox 1391 747 1393 752; x_wconf 23' lang='grc' dir='ltr'>Ι</span> 
     </span>
     <span class='ocr_line' id='line_1_5' title="bbox 212 777 1337 865; baseline 0.007 -27"><span class='ocrx_word' id='word_1_29' title='bbox 212 777 306 839; x_wconf 90' lang='lat' dir='ltr'>nobis</span> <span class='ocrx_word' id='word_1_30' title='bbox 349 778 572 860; x_wconf 87' lang='lat' dir='ltr'>quaerendum</span> <span class='ocrx_word' id='word_1_31' title='bbox 607 787 664 854; x_wconf 88' lang='lat' dir='ltr'>est,</span> <span class='ocrx_word' id='word_1_32' title='bbox 700 789 820 861; x_wconf 88' lang='lat' dir='ltr'>quanta</span> <span class='ocrx_word' id='word_1_33' title='bbox 855 780 888 843; x_wconf 92' lang='lat' dir='ltr'>in</span> <span class='ocrx_word' id='word_1_34' title='bbox 927 790 1099 864; x_wconf 88' lang='lat' dir='ltr'>utramque</span> <span class='ocrx_word' id='word_1_35' title='bbox 1133 792 1258 865; x_wconf 86' lang='lat' dir='ltr'>partem</span> <span class='ocrx_word' id='word_1_36' title='bbox 1295 783 1337 846; x_wconf 92' lang='lat' dir='ltr'>sit</span> 
     </span>
     <span class='ocr_line' id='line_1_6' title="bbox 214 892 1335 976; baseline 0.004 -22"><span class='ocrx_word' id='word_1_37' title='bbox 214 893 301 956; x_wconf 89' lang='lat' dir='ltr'>Iovis</span> <span class='ocrx_word' id='word_1_38' title='bbox 324 902 476 975; x_wconf 87' lang='lat' dir='ltr'>potestas.</span> <span class='ocrx_word' id='word_1_39' title='bbox 503 892 588 956; x_wconf 91' lang='lat' dir='ltr'>Cum</span> <span class='ocrx_word' id='word_1_40' title='bbox 611 915 690 956; x_wconf 88' lang='lat' dir='ltr'>vero</span> <span class='ocrx_word' id='word_1_41' title='bbox 714 895 833 971; x_wconf 88' lang='lat' dir='ltr'>omnia,</span> <span class='ocrx_word' id='word_1_42' title='bbox 858 915 942 976; x_wconf 85' lang='lat' dir='ltr'>quae</span> <span class='ocrx_word' id='word_1_43' title='bbox 965 905 1142 958; x_wconf 88' lang='lat' dir='ltr'>nascuntur</span> <span class='ocrx_word' id='word_1_44' title='bbox 1160 905 1192 959; x_wconf 91' lang='lat' dir='ltr'>et</span> <span class='ocrx_word' id='word_1_45' title='bbox 1212 898 1335 971; x_wconf 87' lang='lat' dir='ltr'>vivunt,</span> 
     </span>
     <span class='ocr_line' id='line_1_7' title="bbox 212 1005 1334 1086; baseline 0.004 -18"><span class='ocrx_word' id='word_1_46' title='bbox 212 1015 269 1069; x_wconf 88' lang='lat' dir='ltr'>aut</span> <span class='ocrx_word' id='word_1_47' title='bbox 292 1005 440 1068; x_wconf 89' lang='lat' dir='ltr'>homines</span> <span class='ocrx_word' id='word_1_48' title='bbox 464 1008 527 1070; x_wconf 93' lang='lat' dir='ltr'>sint</span> <span class='ocrx_word' id='word_1_49' title='bbox 549 1014 605 1069; x_wconf 89' lang='lat' dir='ltr'>aut</span> <span class='ocrx_word' id='word_1_50' title='bbox 628 1007 780 1069; x_wconf 86' lang='lat' dir='ltr'>animalia</span> <span class='ocrx_word' id='word_1_51' title='bbox 803 1015 859 1069; x_wconf 89' lang='lat' dir='ltr'>aut</span> <span class='ocrx_word' id='word_1_52' title='bbox 883 1007 1004 1070; x_wconf 90' lang='lat' dir='ltr'>herbae</span> <span class='ocrx_word' id='word_1_53' title='bbox 1017 1005 1186 1086; x_wconf 81' lang='lat' dir='ltr'>(hicsimul</span> <span class='ocrx_word' id='word_1_54' title='bbox 1199 1008 1334 1072; x_wconf 90' lang='lat' dir='ltr'>arbores</span> 
     </span>
     <span class='ocr_line' id='line_1_8' title="bbox 211 1120 1335 1205; baseline 0.003 -23"><span class='ocrx_word' id='word_1_55' title='bbox 211 1130 287 1184; x_wconf 93' lang='lat' dir='ltr'>sunt</span> <span class='ocrx_word' id='word_1_56' title='bbox 322 1122 525 1200; x_wconf 86' lang='lat' dir='ltr'>audiendae),</span> <span class='ocrx_word' id='word_1_57' title='bbox 560 1122 602 1183; x_wconf 93' lang='lat' dir='ltr'>de</span> <span class='ocrx_word' id='word_1_58' title='bbox 637 1120 826 1205; x_wconf 77' lang='lat' dir='ltr'>hominibus</span> <span class='ocrx_word' id='word_1_59' title='bbox 862 1131 971 1185; x_wconf 85' lang='lat' dir='ltr'>autern</span> <span class='ocrx_word' id='word_1_60' title='bbox 1008 1125 1073 1184; x_wconf 87' lang='lat' dir='ltr'>iam</span> <span class='ocrx_word' id='word_1_61' title='bbox 1108 1143 1206 1204; x_wconf 89' lang='lat' dir='ltr'>supra</span> <span class='ocrx_word' id='word_1_62' title='bbox 1228 1144 1335 1185; x_wconf 91' lang='lat' dir='ltr'>sermo</span> 
     </span>
     <span class='ocr_line' id='line_1_9' title="bbox 210 1237 1335 1321; baseline 0.002 -23"><span class='ocrx_word' id='word_1_63' title='bbox 210 1237 316 1312; x_wconf 83' lang='lat' dir='ltr'>fuerit,</span> <span class='ocrx_word' id='word_1_64' title='bbox 359 1237 531 1304; x_wconf 90' lang='lat' dir='ltr'>videamus</span> <span class='ocrx_word' id='word_1_65' title='bbox 572 1238 726 1320; x_wconf 86' lang='lat' dir='ltr'>primum,</span> <span class='ocrx_word' id='word_1_66' title='bbox 766 1259 831 1319; x_wconf 86' lang='lat' dir='ltr'>qua</span> <span class='ocrx_word' id='word_1_67' title='bbox 866 1260 908 1301; x_wconf 89' lang='lat' dir='ltr'>ex</span> <span class='ocrx_word' id='word_1_68' title='bbox 942 1241 1034 1321; x_wconf 86' lang='lat' dir='ltr'>parte</span> <span class='ocrx_word' id='word_1_69' title='bbox 1068 1239 1155 1302; x_wconf 90' lang='lat' dir='ltr'>lovis</span> <span class='ocrx_word' id='word_1_70' title='bbox 1189 1248 1335 1321; x_wconf 88' lang='lat' dir='ltr'>potestas</span> 
     </span>
     <span class='ocr_line' id='line_1_10' title="bbox 210 1351 1334 1435; baseline 0.004 -24"><span class='ocrx_word' id='word_1_71' title='bbox 210 1359 319 1431; x_wconf 88' lang='lat' dir='ltr'>pateat</span> <span class='ocrx_word' id='word_1_72' title='bbox 354 1351 386 1412; x_wconf 95' lang='lat' dir='ltr'>in</span> <span class='ocrx_word' id='word_1_73' title='bbox 421 1351 615 1413; x_wconf 87' lang='lat' dir='ltr'>animalibus</span> <span class='ocrx_word' id='word_1_74' title='bbox 649 1354 683 1414; x_wconf 85' lang='lat' dir='ltr'>et</span> <span class='ocrx_word' id='word_1_75' title='bbox 716 1351 837 1429; x_wconf 89' lang='lat' dir='ltr'>herbis,</span> <span class='ocrx_word' id='word_1_76' title='bbox 874 1353 990 1415; x_wconf 87' lang='lat' dir='ltr'>deinde</span> <span class='ocrx_word' id='word_1_77' title='bbox 1025 1374 1091 1435; x_wconf 89' lang='lat' dir='ltr'>qua</span> <span class='ocrx_word' id='word_1_78' title='bbox 1122 1374 1164 1415; x_wconf 87' lang='lat' dir='ltr'>ex</span> <span class='ocrx_word' id='word_1_79' title='bbox 1187 1362 1278 1435; x_wconf 87' lang='lat' dir='ltr'>parte</span> <span class='ocrx_word' id='word_1_80' title='bbox 1302 1356 1334 1418; x_wconf 88' lang='lat' dir='ltr'>in</span> 
     </span>
     <span class='ocr_line' id='line_1_11' title="bbox 212 1461 618 1527; baseline 0.01 -4"><span class='ocrx_word' id='word_1_81' title='bbox 212 1461 309 1524; x_wconf 87' lang='lat' dir='ltr'>rebus</span> <span class='ocrx_word' id='word_1_82' title='bbox 332 1463 398 1525; x_wconf 90' lang='lat' dir='ltr'>vita</span> <span class='ocrx_word' id='word_1_83' title='bbox 422 1462 618 1527; x_wconf 78' lang='lat' dir='ltr'>carentibus</span> 
     </span>
    </p>
   </div>
   <div class='ocr_carea' id='block_1_3' title="bbox 210 1577 1336 2344">
    <p class='ocr_par' dir='ltr' id='par_1_3' title="bbox 210 1577 1336 2344">
     <span class='ocr_line' id='line_1_12' title="bbox 254 1577 1335 1666; baseline 0.006 -28"><span class='ocrx_word' id='word_1_84' title='bbox 254 1577 421 1639; x_wconf 86' lang='lat' dir='ltr'>Animalia</span> <span class='ocrx_word' id='word_1_85' title='bbox 456 1578 555 1658; x_wconf 84' lang='lat' dir='ltr'>igitur</span> <span class='ocrx_word' id='word_1_86' title='bbox 589 1587 622 1641; x_wconf 94' lang='lat' dir='ltr'>et</span> <span class='ocrx_word' id='word_1_87' title='bbox 655 1577 776 1640; x_wconf 81' lang='lat' dir='ltr'>herbae</span> <span class='ocrx_word' id='word_1_88' title='bbox 811 1587 989 1642; x_wconf 89' lang='lat' dir='ltr'>nascuntur</span> <span class='ocrx_word' id='word_1_89' title='bbox 1012 1583 1149 1645; x_wconf 88' lang='lat' dir='ltr'>naturali</span> <span class='ocrx_word' id='word_1_90' title='bbox 1174 1602 1335 1666; x_wconf 82' lang='lat' dir='ltr'>propaga·</span> 
     </span>
     <span class='ocr_line' id='line_1_13' title="bbox 210 1691 1334 1775; baseline 0.004 -22"><span class='ocrx_word' id='word_1_91' title='bbox 210 1691 308 1766; x_wconf 86' lang='lat' dir='ltr'>tione,</span> <span class='ocrx_word' id='word_1_92' title='bbox 341 1711 406 1753; x_wconf 93' lang='lat' dir='ltr'>non</span> <span class='ocrx_word' id='word_1_93' title='bbox 443 1692 550 1753; x_wconf 90' lang='lat' dir='ltr'>minus</span> <span class='ocrx_word' id='word_1_94' title='bbox 586 1712 686 1773; x_wconf 94' lang='lat' dir='ltr'>quam</span> <span class='ocrx_word' id='word_1_95' title='bbox 721 1691 881 1769; x_wconf 89' lang='lat' dir='ltr'>homines,</span> <span class='ocrx_word' id='word_1_96' title='bbox 910 1698 936 1771; x_wconf 89' lang='lat'>1)</span> <span class='ocrx_word' id='word_1_97' title='bbox 972 1695 1045 1775; x_wconf 91' lang='lat' dir='ltr'>quis</span> <span class='ocrx_word' id='word_1_98' title='bbox 1076 1705 1186 1760; x_wconf 89' lang='lat' dir='ltr'>autern</span> <span class='ocrx_word' id='word_1_99' title='bbox 1219 1716 1334 1758; x_wconf 88' lang='lat' dir='ltr'>eorum</span> 
     </span>
     <span class='ocr_line' id='line_1_14' title="bbox 213 1805 1336 1892; baseline 0.004 -26"><span class='ocrx_word' id='word_1_100' title='bbox 213 1825 333 1885; x_wconf 85' lang='lat' dir='ltr'>genera</span> <span class='ocrx_word' id='word_1_101' title='bbox 367 1807 596 1888; x_wconf 83' lang='lat' dir='ltr'>procreaverit,</span> <span class='ocrx_word' id='word_1_102' title='bbox 630 1826 695 1868; x_wconf 94' lang='lat' dir='ltr'>non</span> <span class='ocrx_word' id='word_1_103' title='bbox 720 1814 818 1887; x_wconf 89' lang='lat' dir='ltr'>patet.</span> <span class='ocrx_word' id='word_1_104' title='bbox 864 1805 931 1868; x_wconf 88' lang='lat' dir='ltr'>Sed</span> <span class='ocrx_word' id='word_1_105' title='bbox 955 1809 1028 1889; x_wconf 92' lang='lat' dir='ltr'>quis</span> <span class='ocrx_word' id='word_1_106' title='bbox 1052 1819 1112 1889; x_wconf 85' lang='lat' dir='ltr'>est,</span> <span class='ocrx_word' id='word_1_107' title='bbox 1136 1811 1192 1892; x_wconf 91' lang='lat' dir='ltr'>qui</span> <span class='ocrx_word' id='word_1_108' title='bbox 1217 1831 1255 1872; x_wconf 88' lang='lat' dir='ltr'>ea</span> <span class='ocrx_word' id='word_1_109' title='bbox 1278 1809 1336 1872; x_wconf 89' lang='lat' dir='ltr'>alit</span> 
     </span>
     <span class='ocr_line' id='line_1_15' title="bbox 213 1919 1333 2005; baseline 0.004 -25"><span class='ocrx_word' id='word_1_110' title='bbox 213 1927 245 1981; x_wconf 92' lang='lat' dir='ltr'>et</span> <span class='ocrx_word' id='word_1_111' title='bbox 279 1925 400 2001; x_wconf 81' lang='lat' dir='ltr'>auget?</span> <span class='ocrx_word' id='word_1_112' title='bbox 446 1920 608 1983; x_wconf 85' lang='lat' dir='ltr'>Videntur</span> <span class='ocrx_word' id='word_1_113' title='bbox 638 1929 723 1982; x_wconf 88' lang='lat' dir='ltr'>terra</span> <span class='ocrx_word' id='word_1_114' title='bbox 747 1930 779 1983; x_wconf 94' lang='lat' dir='ltr'>et</span> <span class='ocrx_word' id='word_1_115' title='bbox 802 1921 851 1983; x_wconf 92' lang='lat' dir='ltr'>sol</span> <span class='ocrx_word' id='word_1_116' title='bbox 875 1919 938 1983; x_wconf 90' lang='lat' dir='ltr'>hoc</span> <span class='ocrx_word' id='word_1_117' title='bbox 962 1922 1067 1985; x_wconf 83' lang='lat' dir='ltr'>lacere</span> <span class='ocrx_word' id='word_1_118' title='bbox 1090 1931 1121 1986; x_wconf 91' lang='lat' dir='ltr'>et</span> <span class='ocrx_word' id='word_1_119' title='bbox 1145 1924 1176 1985; x_wconf 94' lang='lat' dir='ltr'>id</span> <span class='ocrx_word' id='word_1_120' title='bbox 1201 1924 1333 2005; x_wconf 91' lang='lat' dir='ltr'>quidem</span> 
     </span>
     <span class='ocr_line' id='line_1_16' title="bbox 212 2034 1334 2120; baseline 0.004 -26"><span class='ocrx_word' id='word_1_121' title='bbox 212 2053 271 2095; x_wconf 90' lang='lat' dir='ltr'>sua</span> <span class='ocrx_word' id='word_1_122' title='bbox 305 2034 438 2115; x_wconf 90' lang='lat' dir='ltr'>propria</span> <span class='ocrx_word' id='word_1_123' title='bbox 472 2035 514 2096; x_wconf 88' lang='lat' dir='ltr'>vi.</span> <span class='ocrx_word' id='word_1_124' title='bbox 561 2036 611 2112; x_wconf 88' lang='grc' dir='ltr'>Γή</span> <span class='ocrx_word' id='word_1_125' title='bbox 635 2055 663 2096; x_wconf 90' lang='lat' dir='ltr'>e.</span> <span class='ocrx_word' id='word_1_126' title='bbox 688 2055 736 2115; x_wconf 80' lang='lat' dir='ltr'>gr.</span> <span class='ocrx_word' id='word_1_127' title='bbox 761 2043 811 2096; x_wconf 87' lang='lat' dir='ltr'>est</span> <span class='ocrx_word' id='word_1_128' title='bbox 835 2040 1013 2116; x_wconf 79' lang='grc' dir='ltr'>παμμήτωρ</span> <span class='ocrx_word' id='word_1_129' title='bbox 1038 2037 1157 2120; x_wconf 80' lang='lat' dir='ltr'>(From.</span> <span class='ocrx_word' id='word_1_130' title='bbox 1181 2038 1249 2120; x_wconf 84' lang='lat'>90),</span> <span class='ocrx_word' id='word_1_131' title='bbox 1281 2036 1334 2101; x_wconf 90' lang='lat' dir='ltr'>vel</span> 
     </span>
     <span class='ocr_line' id='line_1_17' title="bbox 210 2145 1335 2240; baseline 0.005 -34"><span class='ocrx_word' id='word_1_132' title='bbox 210 2150 322 2227; x_wconf 80' lang='grc' dir='ltr'><em>μήτηρ,</em></span> <span class='ocrx_word' id='word_1_133' title='bbox 358 2145 498 2227; x_wconf 79' lang='grc' dir='ltr'><strong><em>φιλτάτη</em></strong></span> <span class='ocrx_word' id='word_1_134' title='bbox 532 2152 644 2228; x_wconf 78' lang='grc' dir='ltr'><em>τροφός</em></span> <span class='ocrx_word' id='word_1_135' title='bbox 667 2147 765 2233; x_wconf 83' lang='lat' dir='ltr'>(Sept.</span> <span class='ocrx_word' id='word_1_136' title='bbox 795 2148 856 2230; x_wconf 88' lang='lat'><strong>16),</strong></span> <span class='ocrx_word' id='word_1_137' title='bbox 881 2171 965 2231; x_wconf 89' lang='lat' dir='ltr'>quae</span> <span class='ocrx_word' id='word_1_138' title='bbox 988 2148 1147 2240; x_wconf 80' lang='lat' dir='ltr'>homineS,</span> <span class='ocrx_word' id='word_1_139' title='bbox 1171 2150 1335 2229; x_wconf 88' lang='lat' dir='ltr'>animalia,</span> 
     </span>
     <span class='ocr_line' id='line_1_18' title="bbox 212 2252 1334 2344; baseline 0.005 -22"><span class='ocrx_word' id='word_1_140' title='bbox 212 2258 329 2322; x_wconf 82' lang='lat' dir='ltr'>herbas</span> <span class='ocrx_word' id='word_1_141' title='bbox 365 2263 465 2324; x_wconf 88' lang='lat' dir='ltr'>nutrit</span> <span class='ocrx_word' id='word_1_142' title='bbox 499 2260 595 2344; x_wconf 79' lang='lat' dir='ltr'>(Sept.</span> <span class='ocrx_word' id='word_1_143' title='bbox 636 2262 779 2339; x_wconf 89' lang='lat'>16-20;</span> <span class='ocrx_word' id='word_1_144' title='bbox 810 2252 955 2343; x_wconf 70' lang='lat' dir='ltr'>¹Clroi&#39;plc.</span> <span class='ocrx_word' id='word_1_145' title='bbox 993 2269 1077 2344; x_wconf 84' lang='lat'><strong>572),</strong></span> <span class='ocrx_word' id='word_1_146' title='bbox 1101 2266 1204 2327; x_wconf 91' lang='lat' dir='ltr'>immo</span> <span class='ocrx_word' id='word_1_147' title='bbox 1228 2286 1266 2328; x_wconf 86' lang='lat' dir='ltr'>ea</span> <span class='ocrx_word' id='word_1_148' title='bbox 1291 2286 1334 2327; x_wconf 89' lang='lat' dir='ltr'>ex</span> 
     </span>
    </p>
   </div>
   <div class='ocr_carea' id='block_1_4' title="bbox 214 2372 640 2458">
    <p class='ocr_par' dir='ltr' id='par_1_4' title="bbox 214 2372 640 2458">
     <span class='ocr_line' id='line_1_19' title="bbox 214 2372 640 2458; baseline 0.007 -23"><span class='ocrx_word' id='word_1_149' title='bbox 214 2372 315 2436; x_wconf 84' lang='lat' dir='ltr'>Caelo</span> <span class='ocrx_word' id='word_1_150' title='bbox 339 2384 497 2458; x_wconf 85' lang='lat' dir='ltr'>concepta</span> <span class='ocrx_word' id='word_1_151' title='bbox 520 2377 640 2458; x_wconf 84' lang='lat' dir='ltr'>gignit:</span> 
     </span>
    </p>
   </div>
   <div class='ocr_carea' id='block_1_5' title="bbox 388 2513 1158 2944">
    <p class='ocr_par' dir='ltr' id='par_1_5' title="bbox 388 2513 1158 2944">
     <span class='ocr_line' id='line_1_20' title="bbox 390 2513 1118 2597; baseline 0 -22"><span class='ocrx_word' id='word_1_152' title='bbox 390 2515 444 2594; x_wconf 76' lang='grc' dir='ltr'>ἐρᾷ</span> <span class='ocrx_word' id='word_1_153' title='bbox 468 2516 522 2593; x_wconf 79' lang='grc' dir='ltr'>μὲν</span> <span class='ocrx_word' id='word_1_154' title='bbox 547 2515 643 2592; x_wconf 72' lang='grc' dir='ltr'><em>ἁγνὸς</em></span> <span class='ocrx_word' id='word_1_155' title='bbox 667 2513 798 2596; x_wconf 74' lang='grc' dir='ltr'><em>οὐρανὸς</em></span> <span class='ocrx_word' id='word_1_156' title='bbox 821 2518 977 2597; x_wconf 67' lang='lat' dir='ltr'>dodonem</span> <span class='ocrx_word' id='word_1_157' title='bbox 1002 2519 1118 2596; x_wconf 70' lang='grc' dir='ltr'><strong><em>χθόνα,</em></strong></span> 
     </span>
     <span class='ocr_line' id='line_1_21' title="bbox 389 2625 1075 2713; baseline 0.004 -26"><span class='ocrx_word' id='word_1_158' title='bbox 389 2626 458 2713; x_wconf 71' lang='grc' dir='ltr'><em>ἔρος</em></span> <span class='ocrx_word' id='word_1_159' title='bbox 481 2625 511 2690; x_wconf 79' lang='grc' dir='ltr'>δὲ</span> <span class='ocrx_word' id='word_1_160' title='bbox 534 2635 629 2706; x_wconf 78' lang='grc' dir='ltr'><em>γαῖαν</em></span> <span class='ocrx_word' id='word_1_161' title='bbox 653 2626 807 2713; x_wconf 74' lang='grc' dir='ltr'>λαμβάνει</span> <span class='ocrx_word' id='word_1_162' title='bbox 832 2635 934 2710; x_wconf 71' lang='grc' dir='ltr'><em>γάμου</em></span> <span class='ocrx_word' id='word_1_163' title='bbox 958 2636 1075 2711; x_wconf 69' lang='grc' dir='ltr'>τυχεῖν.</span> 
     </span>
     <span class='ocr_line' id='line_1_22' title="bbox 388 2741 1158 2828; baseline 0.004 -26"><span class='ocrx_word' id='word_1_164' title='bbox 388 2745 500 2828; x_wconf 81' lang='grc' dir='ltr'><em>ὄμβρος</em></span> <span class='ocrx_word' id='word_1_165' title='bbox 523 2741 551 2803; x_wconf 78' lang='grc' dir='ltr'>δ’</span> <span class='ocrx_word' id='word_1_166' title='bbox 575 2742 633 2804; x_wconf 70' lang='lat' dir='ltr'>oln&#39;</span> <span class='ocrx_word' id='word_1_167' title='bbox 656 2742 870 2817; x_wconf 64' lang='lat' dir='ltr'>euvanue&#39;veog</span> <span class='ocrx_word' id='word_1_168' title='bbox 893 2745 1028 2825; x_wconf 72' lang='grc' dir='ltr'><em>οὐρανοῦ</em></span> <span class='ocrx_word' id='word_1_169' title='bbox 1053 2742 1158 2805; x_wconf 72' lang='grc' dir='ltr'>πεσὼν</span> 
     </span>
     <span class='ocr_line' id='line_1_23' title="bbox 390 2856 1025 2944; baseline 0.003 -28"><span class='ocrx_word' id='word_1_170' title='bbox 390 2856 479 2918; x_wconf 72' lang='grc' dir='ltr'><em>ἔκυσε</em></span> <span class='ocrx_word' id='word_1_171' title='bbox 503 2863 611 2935; x_wconf 77' lang='grc' dir='ltr'><em>γαῖαν·</em></span> <span class='ocrx_word' id='word_1_172' title='bbox 635 2862 653 2937; x_wconf 85' lang='grc' dir='ltr'><em>ή</em></span> <span class='ocrx_word' id='word_1_173' title='bbox 678 2856 709 2920; x_wconf 77' lang='grc' dir='ltr'>δι’</span> <span class='ocrx_word' id='word_1_174' title='bbox 733 2858 877 2920; x_wconf 69' lang='lat' dir='ltr'>vincetur</span> <span class='ocrx_word' id='word_1_175' title='bbox 902 2862 1025 2944; x_wconf 82' lang='grc' dir='ltr'><em>βροτοῖς</em></span> 
     </span>
    </p>
   </div>
   <div class='ocr_carea' id='block_1_6' title="bbox 388 2971 1079 3061">
    <p class='ocr_par' dir='ltr' id='par_1_6' title="bbox 388 2971 1079 3061">
     <span class='ocr_line' id='line_1_24' title="bbox 388 2971 1079 3061; baseline -0.003 -26"><span class='ocrx_word' id='word_1_176' title='bbox 388 2971 505 3052; x_wconf 67' lang='grc' dir='ltr'><em>μήλων</em></span> <span class='ocrx_word' id='word_1_177' title='bbox 522 2999 554 3035; x_wconf 72' lang='grc' dir='ltr'>τι</span> <span class='ocrx_word' id='word_1_178' title='bbox 578 2977 693 3061; x_wconf 80' lang='grc' dir='ltr'><em>βοσκὰς</em></span> <span class='ocrx_word' id='word_1_179' title='bbox 718 2977 770 3035; x_wconf 82' lang='grc' dir='ltr'>καὶ</span> <span class='ocrx_word' id='word_1_180' title='bbox 792 2973 863 3060; x_wconf 79' lang='grc' dir='ltr'><em>βίοι</em></span> <span class='ocrx_word' id='word_1_181' title='bbox 888 2976 1079 3055; x_wconf 80' lang='grc' dir='ltr'><em>Δημήτριον.</em></span> 
     </span>
    </p>
   </div>
   <div class='ocr_carea' id='block_1_7' title="bbox 141 3305 1384 4386">
    <p class='ocr_par' dir='ltr' id='par_1_7' title="bbox 141 3305 1384 4386">
     <span class='ocr_line' id='line_1_25' title="bbox 248 3305 1335 3373; baseline 0 -17"><span class='ocrx_word' id='word_1_182' title='bbox 248 3305 269 3372; x_wconf 92' lang='lat'>1)</span> <span class='ocrx_word' id='word_1_183' title='bbox 304 3307 462 3371; x_wconf 85' lang='lat' dir='ltr'>Quamquam</span> <span class='ocrx_word' id='word_1_184' title='bbox 489 3308 559 3365; x_wconf 71' lang='grc' dir='ltr'><em>Ζιής</em></span> <span class='ocrx_word' id='word_1_185' title='bbox 585 3324 635 3357; x_wconf 93' lang='lat' dir='ltr'>non</span> <span class='ocrx_word' id='word_1_186' title='bbox 661 3309 839 3358; x_wconf 63' lang='lat' dir='ltr'>determinatur</span> <span class='ocrx_word' id='word_1_187' title='bbox 864 3309 961 3373; x_wconf 88' lang='lat' dir='ltr'>legibus</span> <span class='ocrx_word' id='word_1_188' title='bbox 979 3315 1088 3372; x_wconf 85' lang='lat' dir='ltr'>naturae,</span> <span class='ocrx_word' id='word_1_189' title='bbox 1106 3309 1158 3368; x_wconf 88' lang='lat' dir='ltr'>sed,</span> <span class='ocrx_word' id='word_1_190' title='bbox 1176 3309 1228 3373; x_wconf 89' lang='lat' dir='ltr'>ipse</span> <span class='ocrx_word' id='word_1_191' title='bbox 1245 3309 1335 3356; x_wconf 85' lang='lat' dir='ltr'>harum</span> 
     </span>
     <span class='ocr_line' id='line_1_26' title="bbox 212 3381 1335 3464; baseline -0.001 -16"><span class='ocrx_word' id='word_1_192' title='bbox 212 3400 296 3463; x_wconf 83' lang='lat' dir='ltr'>legum</span> <span class='ocrx_word' id='word_1_193' title='bbox 310 3416 385 3448; x_wconf 85' lang='lat' dir='ltr'>cansa</span> <span class='ocrx_word' id='word_1_194' title='bbox 402 3408 426 3449; x_wconf 90' lang='lat' dir='ltr'>et</span> <span class='ocrx_word' id='word_1_195' title='bbox 443 3407 537 3460; x_wconf 84' lang='lat' dir='ltr'>auctor,</span> <span class='ocrx_word' id='word_1_196' title='bbox 554 3402 586 3449; x_wconf 87' lang='lat' dir='ltr'>de</span> <span class='ocrx_word' id='word_1_197' title='bbox 603 3381 633 3448; x_wconf 88' lang='lat' dir='ltr'>iis</span> <span class='ocrx_word' id='word_1_198' title='bbox 650 3401 772 3449; x_wconf 87' lang='lat' dir='ltr'>decedere</span> <span class='ocrx_word' id='word_1_199' title='bbox 788 3407 876 3464; x_wconf 84' lang='lat' dir='ltr'>potest,</span> <span class='ocrx_word' id='word_1_200' title='bbox 894 3400 961 3464; x_wconf 92' lang='lat' dir='ltr'>quod</span> <span class='ocrx_word' id='word_1_201' title='bbox 979 3399 1119 3463; x_wconf 79' lang='lat' dir='ltr'>Aeschylus</span> <span class='ocrx_word' id='word_1_202' title='bbox 1137 3399 1234 3448; x_wconf 88' lang='lat' dir='ltr'>disertis</span> <span class='ocrx_word' id='word_1_203' title='bbox 1253 3399 1335 3448; x_wconf 85' lang='lat' dir='ltr'>verbis</span> 
     </span>
     <span class='ocr_line' id='line_1_27' title="bbox 141 3479 1334 3557; baseline -0.002 -17"><span class='ocrx_word' id='word_1_204' title='bbox 141 3479 143 3483; x_wconf 20' lang='lat' dir='ltr'>v</span> <span class='ocrx_word' id='word_1_205' title='bbox 212 3492 335 3556; x_wconf 82' lang='lat' dir='ltr'>significat</span> <span class='ocrx_word' id='word_1_206' title='bbox 361 3492 450 3556; x_wconf 69' lang='lat' dir='ltr'>Suppl.</span> <span class='ocrx_word' id='word_1_207' title='bbox 477 3505 539 3556; x_wconf 80' lang='lat'>300:</span> <span class='ocrx_word' id='word_1_208' title='bbox 566 3492 638 3549; x_wconf 70' lang='grc' dir='ltr'>Ζιὺς</span> <span class='ocrx_word' id='word_1_209' title='bbox 664 3491 789 3553; x_wconf 54' lang='lat' dir='ltr'>{odacrum</span> <span class='ocrx_word' id='word_1_210' title='bbox 816 3493 884 3557; x_wconf 63' lang='grc' dir='ltr'><em>χειρὶ</em></span> <span class='ocrx_word' id='word_1_211' title='bbox 911 3491 996 3549; x_wconf 66' lang='lat' dir='ltr'>preire</span> <span class='ocrx_word' id='word_1_212' title='bbox 1023 3490 1114 3554; x_wconf 64' lang='grc' dir='ltr'><em>μόνοις</em></span> <span class='ocrx_word' id='word_1_213' title='bbox 1140 3489 1201 3538; x_wconf 83' lang='lat' dir='ltr'>ibid.</span> <span class='ocrx_word' id='word_1_214' title='bbox 1223 3490 1334 3553; x_wconf 86' lang='lat'>17—18:</span> 
     </span>
     <span class='ocr_line' id='line_1_28' title="bbox 211 3581 1336 3648; baseline 0 -18"><span class='ocrx_word' id='word_1_215' title='bbox 211 3587 274 3643; x_wconf 73' lang='grc' dir='ltr'><em>βοὸς</em></span> <span class='ocrx_word' id='word_1_216' title='bbox 301 3584 326 3638; x_wconf 72' lang='grc' dir='ltr'>ἐξ</span> <span class='ocrx_word' id='word_1_217' title='bbox 353 3585 459 3648; x_wconf 74' lang='grc' dir='ltr'><em>ι’,τιιφής</em></span> <span class='ocrx_word' id='word_1_218' title='bbox 486 3584 533 3639; x_wconf 75' lang='grc' dir='ltr'>κάξ</span> <span class='ocrx_word' id='word_1_219' title='bbox 559 3585 700 3640; x_wconf 76' lang='grc' dir='ltr'><em>ἓιιιιτιοιίις</em></span> <span class='ocrx_word' id='word_1_220' title='bbox 725 3583 798 3640; x_wconf 84' lang='grc' dir='ltr'><em>Διός.</em></span> <span class='ocrx_word' id='word_1_221' title='bbox 833 3584 863 3631; x_wconf 92' lang='lat' dir='ltr'>ln</span> <span class='ocrx_word' id='word_1_222' title='bbox 888 3583 927 3630; x_wconf 90' lang='lat' dir='ltr'>his</span> <span class='ocrx_word' id='word_1_223' title='bbox 944 3582 1056 3631; x_wconf 89' lang='lat' dir='ltr'>versibus</span> <span class='ocrx_word' id='word_1_224' title='bbox 1073 3596 1148 3629; x_wconf 88' lang='lat' dir='ltr'>voces</span> <span class='ocrx_word' id='word_1_225' title='bbox 1166 3581 1292 3648; x_wconf 69' lang='grc' dir='ltr'><em>ἐφάπτωρ</em></span> <span class='ocrx_word' id='word_1_226' title='bbox 1310 3589 1336 3630; x_wconf 92' lang='lat' dir='ltr'>et</span> 
     </span>
     <span class='ocr_line' id='line_1_29' title="bbox 211 3672 1334 3741; baseline -0.002 -17"><span class='ocrx_word' id='word_1_227' title='bbox 211 3679 302 3741; x_wconf 70' lang='grc' dir='ltr'>ι’,τίιφή</span> <span class='ocrx_word' id='word_1_228' title='bbox 320 3693 372 3725; x_wconf 93' lang='lat' dir='ltr'>non</span> <span class='ocrx_word' id='word_1_229' title='bbox 389 3677 475 3741; x_wconf 82' lang='lat' dir='ltr'>magni</span> <span class='ocrx_word' id='word_1_230' title='bbox 492 3683 549 3726; x_wconf 87' lang='lat' dir='ltr'>sunt</span> <span class='ocrx_word' id='word_1_231' title='bbox 566 3676 694 3735; x_wconf 90' lang='lat' dir='ltr'>momenti,</span> <span class='ocrx_word' id='word_1_232' title='bbox 712 3676 771 3740; x_wconf 83' lang='lat' dir='ltr'>quia</span> <span class='ocrx_word' id='word_1_233' title='bbox 789 3682 863 3739; x_wconf 73' lang='lat' dir='ltr'>poeta</span> <span class='ocrx_word' id='word_1_234' title='bbox 880 3674 920 3722; x_wconf 87' lang='lat' dir='ltr'>his</span> <span class='ocrx_word' id='word_1_235' title='bbox 938 3674 1020 3723; x_wconf 89' lang='lat' dir='ltr'>verbis</span> <span class='ocrx_word' id='word_1_236' title='bbox 1038 3674 1180 3722; x_wconf 91' lang='lat' dir='ltr'>adnomen</span> <span class='ocrx_word' id='word_1_237' title='bbox 1198 3672 1334 3738; x_wconf 86' lang='lat' dir='ltr'>Epaphum</span> 
     </span>
     <span class='ocr_line' id='line_1_30' title="bbox 212 3764 1334 3833; baseline -0.003 -17"><span class='ocrx_word' id='word_1_238' title='bbox 212 3769 308 3830; x_wconf 86' lang='lat' dir='ltr'>alludit,</span> <span class='ocrx_word' id='word_1_239' title='bbox 333 3784 486 3833; x_wconf 86' lang='lat' dir='ltr'>quamquam</span> <span class='ocrx_word' id='word_1_240' title='bbox 513 3768 650 3817; x_wconf 83' lang='lat' dir='ltr'>notandum</span> <span class='ocrx_word' id='word_1_241' title='bbox 675 3775 712 3816; x_wconf 90' lang='lat' dir='ltr'>est</span> <span class='ocrx_word' id='word_1_242' title='bbox 738 3766 801 3815; x_wconf 90' lang='lat' dir='ltr'>illud</span> <span class='ocrx_word' id='word_1_243' title='bbox 828 3766 952 3832; x_wconf 65' lang='grc' dir='ltr'><em>ἐφάπτωρ</em></span> <span class='ocrx_word' id='word_1_244' title='bbox 980 3766 1012 3814; x_wconf 83' lang='lat' dir='ltr'>ad</span> <span class='ocrx_word' id='word_1_245' title='bbox 1039 3765 1123 3829; x_wconf 91' lang='lat' dir='ltr'>plures</span> <span class='ocrx_word' id='word_1_246' title='bbox 1146 3764 1209 3813; x_wconf 82' lang='lat' dir='ltr'>alios</span> <span class='ocrx_word' id='word_1_247' title='bbox 1227 3766 1334 3823; x_wconf 77' lang='grc' dir='ltr'><em>ἒιιιιρὰς</em></span> 
     </span>
     <span class='ocr_line' id='line_1_31' title="bbox 211 3848 1384 3925; baseline -0.004 -16"><span class='ocrx_word' id='word_1_248' title='bbox 211 3861 333 3925; x_wconf 87' lang='lat' dir='ltr'>pertinere</span> <span class='ocrx_word' id='word_1_249' title='bbox 350 3862 486 3910; x_wconf 86' lang='lat' dir='ltr'>secundum</span> <span class='ocrx_word' id='word_1_250' title='bbox 504 3861 712 3925; x_wconf 83' lang='lat' dir='ltr'>significationem</span> <span class='ocrx_word' id='word_1_251' title='bbox 729 3859 842 3907; x_wconf 89' lang='lat' dir='ltr'>omnium</span> <span class='ocrx_word' id='word_1_252' title='bbox 858 3859 991 3907; x_wconf 80' lang='lat' dir='ltr'>verbonim</span> <span class='ocrx_word' id='word_1_253' title='bbox 1008 3857 1035 3905; x_wconf 88' lang='lat' dir='ltr'>in</span> <span class='ocrx_word' id='word_1_254' title='bbox 1051 3875 1113 3923; x_wconf 86' lang='grc' dir='ltr'><em>-τωρ</em></span> <span class='ocrx_word' id='word_1_255' title='bbox 1132 3854 1254 3922; x_wconf 79' lang='lat' dir='ltr'>(Lat-tor)</span> <span class='ocrx_word' id='word_1_256' title='bbox 1270 3856 1334 3905; x_wconf 92' lang='lat' dir='ltr'>desi·</span> <span class='ocrx_word' id='word_1_257' title='bbox 1381 3848 1384 3852; x_wconf 45' lang='lat'><strong>⁴</strong></span> 
     </span>
     <span class='ocr_line' id='line_1_32' title="bbox 210 3949 1333 4017; baseline -0.003 -18"><span class='ocrx_word' id='word_1_258' title='bbox 210 3953 329 4001; x_wconf 87' lang='lat' dir='ltr'>nentium.</span> <span class='ocrx_word' id='word_1_259' title='bbox 364 3953 448 4002; x_wconf 85' lang='lat' dir='ltr'>Verba</span> <span class='ocrx_word' id='word_1_260' title='bbox 472 3961 555 4002; x_wconf 87' lang='lat' dir='ltr'>autem</span> <span class='ocrx_word' id='word_1_261' title='bbox 581 3953 684 4001; x_wconf 84' lang='lat' dir='ltr'>maximi</span> <span class='ocrx_word' id='word_1_262' title='bbox 708 3951 828 4017; x_wconf 88' lang='lat' dir='ltr'>ponderis</span> <span class='ocrx_word' id='word_1_263' title='bbox 851 3957 908 3999; x_wconf 86' lang='lat' dir='ltr'>sunt</span> <span class='ocrx_word' id='word_1_264' title='bbox 926 3952 993 4016; x_wconf 70' lang='grc' dir='ltr'><em>χειρὶ</em></span> <span class='ocrx_word' id='word_1_265' title='bbox 1012 3956 1035 3998; x_wconf 90' lang='lat' dir='ltr'>et</span> <span class='ocrx_word' id='word_1_266' title='bbox 1054 3949 1080 4004; x_wconf 74' lang='grc' dir='ltr'>ἐξ</span> <span class='ocrx_word' id='word_1_267' title='bbox 1099 3951 1241 4006; x_wconf 79' lang='grc' dir='ltr'><em>ἓιιιιιιοιίις</em></span> <span class='ocrx_word' id='word_1_268' title='bbox 1261 3950 1333 4006; x_wconf 75' lang='grc' dir='ltr'><em>Διός.</em></span> 
     </span>
     <span class='ocr_line' id='line_1_33' title="bbox 209 4042 1333 4110; baseline -0.002 -19"><span class='ocrx_word' id='word_1_269' title='bbox 209 4044 347 4106; x_wconf 85' lang='lat' dir='ltr'>Praeclara,</span> <span class='ocrx_word' id='word_1_270' title='bbox 364 4044 460 4094; x_wconf 85' lang='lat' dir='ltr'>Graeco</span> <span class='ocrx_word' id='word_1_271' title='bbox 478 4046 581 4110; x_wconf 91' lang='lat' dir='ltr'>quidem</span> <span class='ocrx_word' id='word_1_272' title='bbox 598 4045 704 4106; x_wconf 84' lang='lat' dir='ltr'>homini,</span> <span class='ocrx_word' id='word_1_273' title='bbox 721 4045 805 4105; x_wconf 89' lang='lat' dir='ltr'>verba,</span> <span class='ocrx_word' id='word_1_274' title='bbox 823 4059 928 4107; x_wconf 90' lang='lat' dir='ltr'>quorum</span> <span class='ocrx_word' id='word_1_275' title='bbox 945 4042 1107 4108; x_wconf 90' lang='lat' dir='ltr'>pulchritudo</span> <span class='ocrx_word' id='word_1_276' title='bbox 1125 4042 1200 4090; x_wconf 84' lang='lat' dir='ltr'>etiam</span> <span class='ocrx_word' id='word_1_277' title='bbox 1217 4057 1232 4090; x_wconf 88' lang='lat' dir='ltr'>a</span> <span class='ocrx_word' id='word_1_278' title='bbox 1248 4042 1333 4105; x_wconf 86' lang='lat' dir='ltr'>pravis</span> 
     </span>
     <span class='ocr_line' id='line_1_34' title="bbox 210 4134 1332 4209; baseline -0.004 -24"><span class='ocrx_word' id='word_1_279' title='bbox 210 4136 292 4185; x_wconf 84' lang='lat' dir='ltr'>verbis</span> <span class='ocrx_word' id='word_1_280' title='bbox 310 4138 409 4202; x_wconf 85' lang='lat' dir='ltr'>Pelasgi</span> <span class='ocrx_word' id='word_1_281' title='bbox 426 4146 451 4187; x_wconf 89' lang='lat' dir='ltr'>et</span> <span class='ocrx_word' id='word_1_282' title='bbox 468 4138 545 4187; x_wconf 84' lang='lat' dir='ltr'>Chori</span> <span class='ocrx_word' id='word_1_283' title='bbox 563 4138 654 4202; x_wconf 76' lang='lat' dir='ltr'>Suppl.</span> <span class='ocrx_word' id='word_1_284' title='bbox 672 4137 722 4198; x_wconf 88' lang='lat'>284</span> <span class='ocrx_word' id='word_1_285' title='bbox 738 4153 770 4189; x_wconf 91' lang='lat' dir='ltr'>ss.</span> <span class='ocrx_word' id='word_1_286' title='bbox 788 4144 812 4185; x_wconf 88' lang='lat' dir='ltr'>ct</span> <span class='ocrx_word' id='word_1_287' title='bbox 829 4136 972 4209; x_wconf 78' lang='lat' dir='ltr'>Promethei</span> <span class='ocrx_word' id='word_1_288' title='bbox 992 4136 1037 4183; x_wconf 76' lang='lat' dir='ltr'>I’r.</span> <span class='ocrx_word' id='word_1_289' title='bbox 1057 4135 1106 4199; x_wconf 88' lang='lat'>588</span> <span class='ocrx_word' id='word_1_290' title='bbox 1120 4134 1212 4182; x_wconf 82' lang='lat' dir='ltr'>intacta</span> <span class='ocrx_word' id='word_1_291' title='bbox 1221 4139 1332 4182; x_wconf 88' lang='lat' dir='ltr'>manent.</span> 
     </span>
     <span class='ocr_line' id='line_1_35' title="bbox 212 4225 1332 4293; baseline -0.004 -18"><span class='ocrx_word' id='word_1_292' title='bbox 212 4228 262 4276; x_wconf 81' lang='lat' dir='ltr'>etr.</span> <span class='ocrx_word' id='word_1_293' title='bbox 288 4229 363 4277; x_wconf 84' lang='lat' dir='ltr'>etiam</span> <span class='ocrx_word' id='word_1_294' title='bbox 380 4236 479 4293; x_wconf 85' lang='lat' dir='ltr'>partum</span> <span class='ocrx_word' id='word_1_295' title='bbox 498 4231 628 4278; x_wconf 81' lang='lat' dir='ltr'>Minervae</span> <span class='ocrx_word' id='word_1_296' title='bbox 645 4230 724 4278; x_wconf 88' lang='lat' dir='ltr'>Eum.</span> <span class='ocrx_word' id='word_1_297' title='bbox 743 4228 883 4292; x_wconf 83' lang='lat'><strong>653-656.</strong></span> <span class='ocrx_word' id='word_1_298' title='bbox 903 4228 975 4276; x_wconf 89' lang='lat' dir='ltr'>llaec</span> <span class='ocrx_word' id='word_1_299' title='bbox 992 4234 1029 4275; x_wconf 88' lang='lat' dir='ltr'>est</span> <span class='ocrx_word' id='word_1_300' title='bbox 1047 4227 1090 4275; x_wconf 83' lang='lat' dir='ltr'>illa</span> <span class='ocrx_word' id='word_1_301' title='bbox 1107 4242 1205 4275; x_wconf 83' lang='lat' dir='ltr'>summa</span> <span class='ocrx_word' id='word_1_302' title='bbox 1222 4225 1332 4288; x_wconf 86' lang='lat' dir='ltr'>libertas,</span> 
     </span>
     <span class='ocr_line' id='line_1_36' title="bbox 210 4317 1263 4386; baseline -0.006 -17"><span class='ocrx_word' id='word_1_303' title='bbox 210 4322 242 4369; x_wconf 89' lang='lat' dir='ltr'>de</span> <span class='ocrx_word' id='word_1_304' title='bbox 259 4335 308 4384; x_wconf 84' lang='lat' dir='ltr'>qua</span> <span class='ocrx_word' id='word_1_305' title='bbox 327 4321 433 4386; x_wconf 81' lang='grc' dir='ltr'><em>Κράτος</em></span> <span class='ocrx_word' id='word_1_306' title='bbox 451 4322 509 4370; x_wconf 82' lang='lat' dir='ltr'>dicit</span> <span class='ocrx_word' id='word_1_307' title='bbox 526 4322 613 4369; x_wconf 74' lang='lat' dir='ltr'>Prom.</span> <span class='ocrx_word' id='word_1_308' title='bbox 632 4331 678 4385; x_wconf 83' lang='lat'>50:</span> <span class='ocrx_word' id='word_1_309' title='bbox 697 4320 844 4386; x_wconf 64' lang='grc' dir='ltr'><em>ἐλεύθερος</em></span> <span class='ocrx_word' id='word_1_310' title='bbox 862 4321 914 4386; x_wconf 76' lang='grc' dir='ltr'>γὰρ</span> <span class='ocrx_word' id='word_1_311' title='bbox 932 4321 1004 4376; x_wconf 67' lang='grc' dir='ltr'><em>οὔτις</em></span> <span class='ocrx_word' id='word_1_312' title='bbox 1023 4321 1079 4367; x_wconf 66' lang='lat' dir='ltr'>loti</span> <span class='ocrx_word' id='word_1_313' title='bbox 1098 4318 1172 4382; x_wconf 79' lang='grc' dir='ltr'>πλήν</span> <span class='ocrx_word' id='word_1_314' title='bbox 1192 4317 1263 4374; x_wconf 82' lang='grc' dir='ltr'><em>Διός.</em></span> 
     </span>
    </p>
   </div>
   <div class='ocr_carea' id='block_1_8' title="bbox 0 0 1558 4822">
    <p class='ocr_par' dir='ltr' id='par_1_8' title="bbox 0 0 1558 4822">
     <span class='ocr_line' id='line_1_37' title="bbox 0 0 1558 4822; baseline 0 0"><span class='ocrx_word' id='word_1_315' title='bbox 0 0 1558 4822; x_wconf 95' lang='lat' dir='ltr'> </span> 
     </span>
    </p>
   </div>
  </div>
 </body>
</html>
