3106 4822
737 253 777 324 45

190 432 346 516 praebere
379 431 539 495 videntur.
586 429 623 491 In
658 427 719 491 hac
755 430 843 493 enim
866 431 1036 513 tragoedia
1059 430 1175 514 reliqui
1199 451 1313 494 omnes

191 547 255 609 loci
287 543 411 626 aliquid
446 543 487 606 de
516 542 584 605 sato
607 542 811 606 continentes
834 543 952 606 eodem
976 544 1088 620 modo,
1113 566 1180 627 quo
1203 547 1314 623 ceteri,

192 660 248 742 qui
282 657 469 741 pertractati
503 657 569 719 iam
604 665 691 733 sunt,
727 656 889 739 explicari
917 667 1072 739 possunt;
1111 679 1195 721 unus
1226 678 1316 736 vero,

192 795 246 838 vv.
270 775 448 854 298—300
471 771 558 848 dico,
582 769 793 852 excipiendus
818 770 955 835 videtur.
981 770 1060 852 Quo
1083 771 1157 834 loco
1176 779 1316 853 excepto

192 907 260 951 vox
291 891 386 967 μοῖρα
416 884 535 967 legitur
559 882 661 947 semel
684 883 803 966 plurali
828 903 967 948 numero
991 907 1022 948 v.
1048 902 1235 968 230-231,
1259 885 1314 948 ubi

128 1048 136 1057 .
193 1000 325 1064 Electra
347 1001 394 1063 sic
417 998 595 1082 alloquitur
618 995 789 1062 Orestam:

415 1102 439 1174 ὦ
463 1112 601 1194 τερπνόν
625 1112 710 1193 ὄμμα
733 1109 887 1194 τέσσαρας
908 1112 1020 1195 μοίρας
1044 1111 1116 1195 ἕχον

417 1225 494 1307 ε’μοί.

238 1341 315 1404 Hoc
350 1341 424 1404 loco
459 1350 569 1405 tamen
601 1342 708 1421 μοῖραι
744 1348 819 1403 sunt
840 1349 959 1423 partes,
983 1361 1059 1404 nam
1084 1341 1214 1404 Electra
1237 1342 1315 1405 dicit

194 1455 346 1520 Orestam
369 1455 517 1538 partibus
540 1455 639 1537 fungi
654 1455 765 1537 patrie,
790 1455 912 1532 matris,
936 1456 1068 1533 sororis,
1091 1457 1207 1520 fratris.
1238 1456 1265 1539 1)

238 1571 341 1634 Porro
364 1570 481 1633 eadem
503 1590 573 1633 vox
595 1568 647 1633 bis
671 1570 812 1632 occurrit
835 1590 888 1632 vv.
912 1586 1109 1651 903-904:

330 1685 410 1745 KA.
435 1687 456 1762 ἡ
479 1685 591 1763 Μοῖρα
614 1682 750 1762 τούτων,
775 1672 799 1743 ὦ
824 1679 948 1762 τέκνον,
972 1683 1140 1765 παραιτία.

330 1800 399 1859 ΟΡ.
434 1798 489 1858 καί
512 1794 603 1858 τόνδε
627 1796 739 1858 τοίνυν
763 1799 863 1878 Μοῖρ’
887 1797 1059 1877 ἐπόρσυνεν
1082 1801 1187 1879 μόρον.

240 1912 305 1974 Hic
328 1912 429 1994 igitur
453 1910 690 1994 Clytaemestra
711 1914 842 1992 Μοῖραν
863 1911 1005 1995 appellat
1015 1920 1185 1976 auctorem
1198 1916 1316 1991 caediS,

196 2025 329 2090 Orestes
353 2034 462 2090 autem
487 2045 553 2088 non
576 2034 690 2089 contra
702 2026 789 2104 dicit,
803 2026 861 2089 sed
874 2026 1065 2108 respondet:
1090 2025 1153 2089 hoc
1165 2027 1192 2089 si
1205 2028 1248 2090 ita
1259 2036 1317 2106 est,

197 2141 317 2204 Fatum
351 2141 448 2204 etiam
472 2147 503 2203 te
527 2159 613 2202 nunc
636 2139 795 2215 interficit,
820 2160 863 2202 ex
887 2161 952 2223 qua
975 2140 1078 2202 ironia
1101 2140 1175 2202 luce
1198 2139 1315 2204 clarius

193 2263 284 2339 patet
306 2253 459 2319 Orestam
482 2253 575 2319 aliter
596 2255 726 2318 sentire.
751 2255 870 2337 Neque
893 2255 963 2337 ipsa
988 2253 1228 2339 Clytaemestra
1251 2255 1315 2319 hoc

194 2367 307 2448 credit,
344 2388 409 2432 non
444 2369 559 2451 magiS,
595 2389 694 2451 quam
728 2367 820 2445 illud,
855 2369 946 2451 quod
981 2370 1060 2433 dicit
1081 2370 1201 2450 Agam.
1231 2373 1314 2450 1458

194 2481 344 2562 -14662

464 2594 568 2678 αὐχεῖς
592 2587 674 2657 εἶναι
699 2594 769 2657 τόδε
794 2598 926 2678 τοῦργον
952 2599 1035 2679 ἐμόν·

460 2707 531 2791 μηδ’
556 2707 729 2793 ἐπιλεχθῇς

460 2824 713 2905 Ἀγαμεμνονίαν
738 2819 817 2886 εἶναι
841 2825 871 2904 μ’
895 2823 1021 2908 ἄλοχον.

462 2938 699 3019 φανταζόμενος
722 2937 755 2999 δὲ
778 2940 906 3014 γυναικὶ
930 2944 1040 3021 νεκροῦ

463 3052 550 3115 τοῦδ’
573 3056 591 3115 ό
613 3051 750 3125 παλαιός
773 3050 883 3134 δριμός
906 3051 1056 3133 ἀλάστωρ

463 3164 597 3249 Ἀτρέως
621 3165 761 3250 χαλεποῦ
785 3173 978 3250 θοινατῆρος

462 3279 548 3344 τόνδ’
572 3279 740 3343 οίπέτεισεν

463 3393 571 3457 τέλεον
596 3401 719 3476 νεαροῖς
744 3398 911 3469 ἐπιθύσας.

196 3531 272 3574 nam
313 3511 433 3591 Agam·
479 3523 695 3593 1511-1512
739 3512 853 3575 eadem
893 3513 1068 3594 gloriatur:
1117 3514 1194 3594 πρός
1228 3514 1315 3591 ήμῶν

197 3628 353 3704 κάππεσε,
377 3629 532 3687 κάτθανε.

232 3884 254 3952 ι)
274 3887 381 3952 ὄκιὲμιι.
400 3898 548 3952 231—235:

591 3976 752 4044 προσαυδᾶν
768 3977 794 4024 δ’
815 3976 867 4024 ἴστ’
887 3977 1037 4040 ἀναγκαίοις
1057 3974 1116 4038 ἕχον

398 4071 505 4137 πατέρα
524 4088 554 4118 τε
574 4071 617 4116 καὶ
635 4071 664 4116 ’τό
682 4071 781 4135 μητρός
800 4070 827 4125 ἐς
847 4069 874 4116 σε’
892 4072 935 4127 μοι
953 4067 1028 4132 ῥέπει

400 4163 580 4228 στέργηθρον·
600 4163 616 4225 ιγ’
634 4159 665 4207 δὲ
684 4160 821 4216 νιανόόκοις
839 4160 1011 4225 ἐχθαίρεται·

398 4256 507 4319 καὶτῆς
525 4254 658 4318 ταθείσης
676 4251 776 4318 νηλεῶς
793 4251 948 4319 όμοοίτόρον·

398 4346 492 4402 πιστός
510 4344 537 4392 δ’
556 4342 673 4403 ἀδελφός
692 4332 758 4408 ἧσθ’
777 4344 833 4402 ἐμοὶ
852 4343 936 4403 σέβας
955 4343 1044 4410 οέροιν.
