<?xml version="1.0" encoding="UTF-8"?>
<!DOCTYPE html PUBLIC "-//W3C//DTD XHTML 1.0 Transitional//EN"
    "http://www.w3.org/TR/xhtml1/DTD/xhtml1-transitional.dtd">
<html xmlns="http://www.w3.org/1999/xhtml" xml:lang="en" lang="en">
 <head>
  <title>
</title>
<meta http-equiv="Content-Type" content="text/html;charset=utf-8" />
  <meta name='ocr-system' content='tesseract 3.04.00' />
  <meta name='ocr-capabilities' content='ocr_page ocr_carea ocr_par ocr_line ocrx_word'/>
</head>
<body>
  <div class='ocr_page' id='page_1' title='image "./dedeoaeschyleo00fiscgoog_0031.png"; bbox 0 0 3106 4822; ppageno 0'>
   <div class='ocr_carea' id='block_1_1' title="bbox 764 262 802 330">
    <p class='ocr_par' dir='ltr' id='par_1_1' title="bbox 764 262 802 330">
     <span class='ocr_line' id='line_1_1' title="bbox 764 262 802 330; baseline 0 0"><span class='ocrx_word' id='word_1_1' title='bbox 764 262 802 330; x_wconf 88' lang='lat'>16</span> 
     </span>
    </p>
   </div>
   <div class='ocr_carea' id='block_1_2' title="bbox 219 451 1344 764">
    <p class='ocr_par' dir='ltr' id='par_1_2' title="bbox 219 451 1344 764">
     <span class='ocr_line' id='line_1_2' title="bbox 219 451 1344 534; baseline 0.006 -20"><span class='ocrx_word' id='word_1_2' title='bbox 219 451 342 526; x_wconf 49' lang='lat' dir='ltr'>deinde,</span> <span class='ocrx_word' id='word_1_3' title='bbox 371 473 448 515; x_wconf 92' lang='lat' dir='ltr'>eum</span> <span class='ocrx_word' id='word_1_4' title='bbox 483 452 703 533; x_wconf 91' lang='lat' dir='ltr'>nihilominus,</span> <span class='ocrx_word' id='word_1_5' title='bbox 738 457 769 518; x_wconf 93' lang='lat' dir='ltr'>vi</span> <span class='ocrx_word' id='word_1_6' title='bbox 804 456 947 520; x_wconf 89' lang='lat' dir='ltr'>veritatis</span> <span class='ocrx_word' id='word_1_7' title='bbox 981 466 1143 534; x_wconf 83' lang='lat' dir='ltr'>coactum,</span> <span class='ocrx_word' id='word_1_8' title='bbox 1175 457 1277 521; x_wconf 92' lang='lat' dir='ltr'>multa</span> <span class='ocrx_word' id='word_1_9' title='bbox 1302 460 1344 521; x_wconf 91' lang='lat' dir='ltr'>de</span> 
     </span>
     <span class='ocr_line' id='line_1_3' title="bbox 220 567 1342 653; baseline 0.007 -25"><span class='ocrx_word' id='word_1_10' title='bbox 220 567 280 628; x_wconf 91' lang='lat' dir='ltr'>diis</span> <span class='ocrx_word' id='word_1_11' title='bbox 306 568 466 649; x_wconf 87' lang='lat' dir='ltr'><strong>recepisse</strong></span> <span class='ocrx_word' id='word_1_12' title='bbox 489 577 546 631; x_wconf 92' lang='lat' dir='ltr'>aut</span> <span class='ocrx_word' id='word_1_13' title='bbox 569 569 755 632; x_wconf 90' lang='lat' dir='ltr'>confessum</span> <span class='ocrx_word' id='word_1_14' title='bbox 778 589 859 649; x_wconf 90' lang='lat' dir='ltr'>esse,</span> <span class='ocrx_word' id='word_1_15' title='bbox 884 590 967 653; x_wconf 91' lang='lat' dir='ltr'>quae</span> <span class='ocrx_word' id='word_1_16' title='bbox 990 571 1021 632; x_wconf 92' lang='lat' dir='ltr'>in</span> <span class='ocrx_word' id='word_1_17' title='bbox 1045 570 1152 632; x_wconf 94' lang='lat' dir='ltr'>solum</span> <span class='ocrx_word' id='word_1_18' title='bbox 1171 571 1342 636; x_wconf 90' lang='lat' dir='ltr'>monothe-</span> 
     </span>
     <span class='ocr_line' id='line_1_4' title="bbox 219 681 533 764; baseline 0.019 -22"><span class='ocrx_word' id='word_1_19' title='bbox 219 681 340 745; x_wconf 89' lang='lat' dir='ltr'>ismum</span> <span class='ocrx_word' id='word_1_20' title='bbox 363 683 533 764; x_wconf 84' lang='lat' dir='ltr'>quadrent.</span> 
     </span>
    </p>
   </div>
   <div class='ocr_carea' id='block_1_3' title="bbox 129 909 1401 3161">
    <p class='ocr_par' dir='ltr' id='par_1_3' title="bbox 129 909 1401 3161">
     <span class='ocr_line' id='line_1_5' title="bbox 263 909 1390 997; baseline 0.005 -25"><span class='ocrx_word' id='word_1_21' title='bbox 263 909 289 973; x_wconf 94' lang='lat' dir='ltr'>I.</span> <span class='ocrx_word' id='word_1_22' title='bbox 342 910 611 994; x_wconf 80' lang='lat' dir='ltr'>AeschyluS,</span> <span class='ocrx_word' id='word_1_23' title='bbox 657 912 782 975; x_wconf 92' lang='lat' dir='ltr'>verbo</span> <span class='ocrx_word' id='word_1_24' title='bbox 825 913 991 994; x_wconf 91' lang='lat' dir='ltr'>quidem</span> <span class='ocrx_word' id='word_1_25' title='bbox 1026 923 1166 990; x_wconf 71' lang='lat' dir='ltr'>tenus,</span> <span class='ocrx_word' id='word_1_26' title='bbox 1201 914 1346 997; x_wconf 91' lang='lat' dir='ltr'>plures</span> <span class='ocrx_word' id='word_1_27' title='bbox 1388 976 1390 978; x_wconf 82' lang='grc'><strong>,</strong></span> 
     </span>
     <span class='ocr_line' id='line_1_6' title="bbox 218 1025 1344 1113; baseline 0.004 -26"><span class='ocrx_word' id='word_1_28' title='bbox 218 1025 320 1088; x_wconf 92' lang='lat' dir='ltr'>deos</span> <span class='ocrx_word' id='word_1_29' title='bbox 366 1045 460 1088; x_wconf 91' lang='lat' dir='ltr'>esse</span> <span class='ocrx_word' id='word_1_30' title='bbox 507 1026 704 1090; x_wconf 89' lang='lat' dir='ltr'>credidit.</span> <span class='ocrx_word' id='word_1_31' title='bbox 748 1063 792 1072; x_wconf 95' lang='lat'>——</span> <span class='ocrx_word' id='word_1_32' title='bbox 841 1027 986 1090; x_wconf 92' lang='lat' dir='ltr'>Primum</span> <span class='ocrx_word' id='word_1_33' title='bbox 1034 1049 1206 1092; x_wconf 92' lang='lat' dir='ltr'>monemus</span> <span class='ocrx_word' id='word_1_34' title='bbox 1242 1029 1344 1113; x_wconf 83' lang='lat' dir='ltr'>(adhi-</span> 
     </span>
     <span class='ocr_line' id='line_1_7' title="bbox 218 1138 1344 1229; baseline 0.003 -28"><span class='ocrx_word' id='word_1_35' title='bbox 218 1140 286 1202; x_wconf 90' lang='lat' dir='ltr'>bita</span> <span class='ocrx_word' id='word_1_36' title='bbox 320 1140 606 1221; x_wconf 84' lang='lat' dir='ltr'>argumentatione</span> <span class='ocrx_word' id='word_1_37' title='bbox 641 1161 662 1201; x_wconf 86' lang='lat' dir='ltr'>a</span> <span class='ocrx_word' id='word_1_38' title='bbox 690 1138 802 1221; x_wconf 79' lang='lat' dir='ltr'><em>priori,</em></span> <span class='ocrx_word' id='word_1_39' title='bbox 838 1162 938 1223; x_wconf 92' lang='lat' dir='ltr'>quam</span> <span class='ocrx_word' id='word_1_40' title='bbox 973 1142 1103 1224; x_wconf 88' lang='lat' dir='ltr'>vocant)</span> <span class='ocrx_word' id='word_1_41' title='bbox 1137 1140 1344 1229; x_wconf 84' lang='lat' dir='ltr'>Aeschylum</span> 
     </span>
     <span class='ocr_line' id='line_1_8' title="bbox 219 1254 1343 1334; baseline 0.002 -20"><span class='ocrx_word' id='word_1_42' title='bbox 219 1273 284 1314; x_wconf 91' lang='lat' dir='ltr'>non</span> <span class='ocrx_word' id='word_1_43' title='bbox 331 1254 478 1334; x_wconf 89' lang='lat' dir='ltr'>potuisse</span> <span class='ocrx_word' id='word_1_44' title='bbox 523 1273 589 1316; x_wconf 91' lang='lat' dir='ltr'>non</span> <span class='ocrx_word' id='word_1_45' title='bbox 636 1254 797 1317; x_wconf 91' lang='lat' dir='ltr'>cultorem</span> <span class='ocrx_word' id='word_1_46' title='bbox 845 1254 945 1318; x_wconf 91' lang='lat' dir='ltr'>suisse</span> <span class='ocrx_word' id='word_1_47' title='bbox 979 1254 1159 1317; x_wconf 88' lang='lat' dir='ltr'>multorum</span> <span class='ocrx_word' id='word_1_48' title='bbox 1194 1256 1343 1332; x_wconf 89' lang='lat' dir='ltr'>deorum,</span> 
     </span>
     <span class='ocr_line' id='line_1_9' title="bbox 218 1366 1344 1453; baseline 0.001 -24"><span class='ocrx_word' id='word_1_49' title='bbox 218 1368 342 1449; x_wconf 87' lang='lat' dir='ltr'>quippe</span> <span class='ocrx_word' id='word_1_50' title='bbox 380 1369 436 1450; x_wconf 94' lang='lat' dir='ltr'>qui</span> <span class='ocrx_word' id='word_1_51' title='bbox 472 1366 607 1431; x_wconf 89' lang='lat' dir='ltr'>haberet</span> <span class='ocrx_word' id='word_1_52' title='bbox 640 1368 851 1451; x_wconf 89' lang='lat' dir='ltr'>theogoniam</span> <span class='ocrx_word' id='word_1_53' title='bbox 887 1367 968 1453; x_wconf 84' lang='lat' dir='ltr'>(ipse</span> <span class='ocrx_word' id='word_1_54' title='bbox 1002 1369 1083 1440; x_wconf 69' lang='grc' dir='ltr'>Ζεύς</span> <span class='ocrx_word' id='word_1_55' title='bbox 1116 1377 1208 1432; x_wconf 88' lang='lat' dir='ltr'>ortus</span> <span class='ocrx_word' id='word_1_56' title='bbox 1231 1378 1281 1431; x_wconf 91' lang='lat' dir='ltr'>est</span> <span class='ocrx_word' id='word_1_57' title='bbox 1302 1370 1344 1432; x_wconf 93' lang='lat' dir='ltr'>ab</span> 
     </span>
     <span class='ocr_line' id='line_1_10' title="bbox 218 1480 1349 1565; baseline 0.002 -22"><span class='ocrx_word' id='word_1_58' title='bbox 218 1480 305 1560; x_wconf 90' lang='lat' dir='ltr'>alio).</span> <span class='ocrx_word' id='word_1_59' title='bbox 355 1481 456 1564; x_wconf 85' lang='lat' dir='ltr'>Quod</span> <span class='ocrx_word' id='word_1_60' title='bbox 492 1483 568 1544; x_wconf 92' lang='lat' dir='ltr'>inde</span> <span class='ocrx_word' id='word_1_61' title='bbox 603 1482 710 1560; x_wconf 88' lang='lat' dir='ltr'>fiebat,</span> <span class='ocrx_word' id='word_1_62' title='bbox 742 1484 831 1565; x_wconf 92' lang='lat' dir='ltr'>quod</span> <span class='ocrx_word' id='word_1_63' title='bbox 856 1481 958 1545; x_wconf 93' lang='lat' dir='ltr'>homo</span> <span class='ocrx_word' id='word_1_64' title='bbox 982 1481 1126 1546; x_wconf 86' lang='lat' dir='ltr'>Graecus</span> <span class='ocrx_word' id='word_1_65' title='bbox 1149 1503 1216 1547; x_wconf 91' lang='lat' dir='ltr'>non</span> <span class='ocrx_word' id='word_1_66' title='bbox 1239 1503 1349 1565; x_wconf 89' lang='lat' dir='ltr'>capax</span> 
     </span>
     <span class='ocr_line' id='line_1_11' title="bbox 219 1572 1343 1679; baseline 0.002 -22"><span class='ocrx_word' id='word_1_67' title='bbox 219 1603 288 1657; x_wconf 89' lang='lat' dir='ltr'>erat</span> <span class='ocrx_word' id='word_1_68' title='bbox 326 1596 479 1673; x_wconf 79' lang='lat' dir='ltr'>notioniS,</span> <span class='ocrx_word' id='word_1_69' title='bbox 516 1616 616 1677; x_wconf 87' lang='lat' dir='ltr'>quam</span> <span class='ocrx_word' id='word_1_70' title='bbox 650 1595 798 1678; x_wconf 85' lang='lat' dir='ltr'>theologi</span> <span class='ocrx_word' id='word_1_71' title='bbox 829 1596 993 1679; x_wconf 87' lang='lat' dir='ltr'>appellant</span> <span class='ocrx_word' id='word_1_72' title='bbox 1022 1572 1207 1657; x_wconf 70' lang='grc' dir='ltr'><em>αὐτούσίαν.</em></span> <span class='ocrx_word' id='word_1_73' title='bbox 1256 1596 1343 1659; x_wconf 84' lang='lat' dir='ltr'>Nam&#39;</span> 
     </span>
     <span class='ocr_line' id='line_1_12' title="bbox 217 1707 1343 1794; baseline 0.002 -24"><span class='ocrx_word' id='word_1_74' title='bbox 217 1707 336 1786; x_wconf 86' lang='lat' dir='ltr'>homo,</span> <span class='ocrx_word' id='word_1_75' title='bbox 355 1711 415 1791; x_wconf 92' lang='lat' dir='ltr'>qui</span> <span class='ocrx_word' id='word_1_76' title='bbox 439 1730 459 1772; x_wconf 89' lang='lat' dir='ltr'>a</span> <span class='ocrx_word' id='word_1_77' title='bbox 482 1729 561 1772; x_wconf 90' lang='lat' dir='ltr'>vero</span> <span class='ocrx_word' id='word_1_78' title='bbox 585 1710 648 1772; x_wconf 93' lang='lat' dir='ltr'>deo</span> <span class='ocrx_word' id='word_1_79' title='bbox 672 1711 807 1794; x_wconf 91' lang='lat' dir='ltr'>eiusque</span> <span class='ocrx_word' id='word_1_80' title='bbox 831 1711 943 1774; x_wconf 91' lang='lat' dir='ltr'>notitia</span> <span class='ocrx_word' id='word_1_81' title='bbox 965 1711 1164 1774; x_wconf 87' lang='lat' dir='ltr'>abalienatus</span> <span class='ocrx_word' id='word_1_82' title='bbox 1187 1720 1247 1786; x_wconf 85' lang='lat' dir='ltr'>est,</span> <span class='ocrx_word' id='word_1_83' title='bbox 1259 1730 1343 1774; x_wconf 93' lang='lat' dir='ltr'>nova</span> 
     </span>
     <span class='ocr_line' id='line_1_13' title="bbox 129 1809 1342 1909; baseline -0.002 -22"><span class='ocrx_word' id='word_1_84' title='bbox 129 1809 132 1816; x_wconf 44' lang='lat'><em>¹</em></span> <span class='ocrx_word' id='word_1_85' title='bbox 219 1824 417 1888; x_wconf 87' lang='lat' dir='ltr'>revelatione</span> <span class='ocrx_word' id='word_1_86' title='bbox 453 1824 558 1909; x_wconf 89' lang='lat' dir='ltr'>(venia</span> <span class='ocrx_word' id='word_1_87' title='bbox 593 1826 635 1888; x_wconf 93' lang='lat' dir='ltr'>sit</span> <span class='ocrx_word' id='word_1_88' title='bbox 668 1825 781 1908; x_wconf 90' lang='lat' dir='ltr'>verbo)</span> <span class='ocrx_word' id='word_1_89' title='bbox 817 1834 903 1908; x_wconf 89' lang='lat' dir='ltr'>eget,</span> <span class='ocrx_word' id='word_1_90' title='bbox 936 1834 972 1888; x_wconf 93' lang='lat' dir='ltr'>ut</span> <span class='ocrx_word' id='word_1_91' title='bbox 994 1846 1049 1888; x_wconf 91' lang='lat' dir='ltr'>eas</span> <span class='ocrx_word' id='word_1_92' title='bbox 1074 1826 1136 1888; x_wconf 94' lang='lat' dir='ltr'>Dei</span> <span class='ocrx_word' id='word_1_93' title='bbox 1161 1824 1342 1907; x_wconf 86' lang='lat' dir='ltr'>qualitates,</span> 
     </span>
     <span class='ocr_line' id='line_1_14' title="bbox 221 1937 1341 2021; baseline -0.001 -20"><span class='ocrx_word' id='word_1_94' title='bbox 221 1959 361 2020; x_wconf 91' lang='lat' dir='ltr'>quarum</span> <span class='ocrx_word' id='word_1_95' title='bbox 387 1947 504 2003; x_wconf 89' lang='lat' dir='ltr'>natura</span> <span class='ocrx_word' id='word_1_96' title='bbox 527 1937 670 2002; x_wconf 87' lang='lat' dir='ltr'>humana</span> <span class='ocrx_word' id='word_1_97' title='bbox 694 1946 742 2002; x_wconf 90' lang='lat' dir='ltr'>est</span> <span class='ocrx_word' id='word_1_98' title='bbox 765 1960 892 2021; x_wconf 86' lang='lat' dir='ltr'>expers,</span> <span class='ocrx_word' id='word_1_99' title='bbox 917 1948 1106 2021; x_wconf 88' lang='lat' dir='ltr'>cognoscat,</span> <span class='ocrx_word' id='word_1_100' title='bbox 1129 1941 1251 2021; x_wconf 90' lang='lat' dir='ltr'>quippe</span> <span class='ocrx_word' id='word_1_101' title='bbox 1274 1939 1341 2021; x_wconf 92' lang='lat' dir='ltr'>qui,</span> 
     </span>
     <span class='ocr_line' id='line_1_15' title="bbox 217 2053 1340 2137; baseline 0 -22"><span class='ocrx_word' id='word_1_102' title='bbox 217 2054 329 2118; x_wconf 93' lang='lat' dir='ltr'>divino</span> <span class='ocrx_word' id='word_1_103' title='bbox 354 2053 502 2137; x_wconf 91' lang='lat' dir='ltr'>impulsu</span> <span class='ocrx_word' id='word_1_104' title='bbox 527 2064 671 2123; x_wconf 85' lang='lat' dir='ltr'>coaetus,</span> <span class='ocrx_word' id='word_1_105' title='bbox 698 2054 759 2116; x_wconf 89' lang='lat' dir='ltr'>sibi</span> <span class='ocrx_word' id='word_1_106' title='bbox 782 2055 937 2117; x_wconf 86' lang='lat' dir='ltr'>amissam</span> <span class='ocrx_word' id='word_1_107' title='bbox 961 2055 1024 2117; x_wconf 91' lang='lat' dir='ltr'>Dei</span> <span class='ocrx_word' id='word_1_108' title='bbox 1048 2056 1225 2135; x_wconf 86' lang='lat' dir='ltr'>imaginem</span> <span class='ocrx_word' id='word_1_109' title='bbox 1249 2054 1340 2116; x_wconf 90' lang='lat' dir='ltr'>resti·</span> 
     </span>
     <span class='ocr_line' id='line_1_16' title="bbox 215 2166 1401 2251; baseline 0 -22"><span class='ocrx_word' id='word_1_110' title='bbox 215 2176 308 2230; x_wconf 90' lang='lat' dir='ltr'>tuere</span> <span class='ocrx_word' id='word_1_111' title='bbox 347 2177 494 2243; x_wconf 87' lang='lat' dir='ltr'>conetur,</span> <span class='ocrx_word' id='word_1_112' title='bbox 530 2166 594 2230; x_wconf 93' lang='lat' dir='ltr'>hoc</span> <span class='ocrx_word' id='word_1_113' title='bbox 629 2176 739 2251; x_wconf 88' lang='lat' dir='ltr'>tamen</span> <span class='ocrx_word' id='word_1_114' title='bbox 774 2169 817 2230; x_wconf 90' lang='lat' dir='ltr'>ita</span> <span class='ocrx_word' id='word_1_115' title='bbox 852 2168 958 2244; x_wconf 88' lang='lat' dir='ltr'>faciat,</span> <span class='ocrx_word' id='word_1_116' title='bbox 995 2177 1030 2230; x_wconf 93' lang='lat' dir='ltr'>ut</span> <span class='ocrx_word' id='word_1_117' title='bbox 1064 2188 1158 2230; x_wconf 91' lang='lat' dir='ltr'>suam</span> <span class='ocrx_word' id='word_1_118' title='bbox 1192 2175 1340 2230; x_wconf 90' lang='lat' dir='ltr'>naturam</span> <span class='ocrx_word' id='word_1_119' title='bbox 1399 2241 1401 2246; x_wconf 88' lang='lat'>.</span> 
     </span>
     <span class='ocr_line' id='line_1_17' title="bbox 216 2278 1341 2362; baseline -0.001 -19"><span class='ocrx_word' id='word_1_120' title='bbox 216 2280 396 2344; x_wconf 90' lang='lat' dir='ltr'>humanam</span> <span class='ocrx_word' id='word_1_121' title='bbox 433 2282 464 2343; x_wconf 92' lang='lat' dir='ltr'>in</span> <span class='ocrx_word' id='word_1_122' title='bbox 501 2281 565 2343; x_wconf 93' lang='lat' dir='ltr'>Dei</span> <span class='ocrx_word' id='word_1_123' title='bbox 601 2281 711 2343; x_wconf 92' lang='lat' dir='ltr'>locum</span> <span class='ocrx_word' id='word_1_124' title='bbox 741 2280 927 2344; x_wconf 85' lang='lat' dir='ltr'>substituat.</span> <span class='ocrx_word' id='word_1_125' title='bbox 975 2281 1022 2344; x_wconf 87' lang='lat' dir='ltr'>Ut</span> <span class='ocrx_word' id='word_1_126' title='bbox 1046 2281 1145 2362; x_wconf 89' lang='lat' dir='ltr'>igitur</span> <span class='ocrx_word' id='word_1_127' title='bbox 1168 2278 1269 2342; x_wconf 93' lang='lat' dir='ltr'>homo</span> <span class='ocrx_word' id='word_1_128' title='bbox 1292 2289 1341 2342; x_wconf 88' lang='lat' dir='ltr'>est</span> 
     </span>
     <span class='ocr_line' id='line_1_18' title="bbox 215 2391 1342 2476; baseline 0 -20"><span class='ocrx_word' id='word_1_129' title='bbox 215 2402 321 2471; x_wconf 78' lang='lat' dir='ltr'>natuS,</span> <span class='ocrx_word' id='word_1_130' title='bbox 355 2394 375 2457; x_wconf 90' lang='lat' dir='ltr'>i.</span> <span class='ocrx_word' id='word_1_131' title='bbox 398 2415 426 2455; x_wconf 91' lang='lat' dir='ltr'>e.</span> <span class='ocrx_word' id='word_1_132' title='bbox 457 2394 651 2476; x_wconf 91' lang='lat' dir='ltr'>principium</span> <span class='ocrx_word' id='word_1_133' title='bbox 677 2403 802 2456; x_wconf 91' lang='lat' dir='ltr'>certum</span> <span class='ocrx_word' id='word_1_134' title='bbox 826 2391 949 2471; x_wconf 86' lang='lat' dir='ltr'>habuit,</span> <span class='ocrx_word' id='word_1_135' title='bbox 974 2395 1019 2455; x_wconf 91' lang='lat' dir='ltr'>sic</span> <span class='ocrx_word' id='word_1_136' title='bbox 1043 2395 1142 2456; x_wconf 92' lang='lat' dir='ltr'>deum</span> <span class='ocrx_word' id='word_1_137' title='bbox 1166 2394 1226 2456; x_wconf 92' lang='lat' dir='ltr'>sibi</span> <span class='ocrx_word' id='word_1_138' title='bbox 1249 2392 1342 2456; x_wconf 88' lang='lat' dir='ltr'>finxit</span> 
     </span>
     <span class='ocr_line' id='line_1_19' title="bbox 213 2508 1340 2585; baseline -0.001 -15"><span class='ocrx_word' id='word_1_139' title='bbox 213 2516 338 2585; x_wconf 87' lang='lat' dir='ltr'>natum,</span> <span class='ocrx_word' id='word_1_140' title='bbox 375 2528 451 2570; x_wconf 92' lang='lat' dir='ltr'>cum</span> <span class='ocrx_word' id='word_1_141' title='bbox 483 2517 593 2570; x_wconf 79' lang='lat' dir='ltr'>autem</span> <span class='ocrx_word' id='word_1_142' title='bbox 620 2508 719 2570; x_wconf 91' lang='lat' dir='ltr'>deum</span> <span class='ocrx_word' id='word_1_143' title='bbox 744 2528 786 2571; x_wconf 90' lang='lat' dir='ltr'>ex</span> <span class='ocrx_word' id='word_1_144' title='bbox 812 2508 874 2570; x_wconf 91' lang='lat' dir='ltr'>deo</span> <span class='ocrx_word' id='word_1_145' title='bbox 898 2509 973 2570; x_wconf 91' lang='lat' dir='ltr'>oriri</span> <span class='ocrx_word' id='word_1_146' title='bbox 998 2528 1131 2571; x_wconf 91' lang='lat' dir='ltr'>necesse</span> <span class='ocrx_word' id='word_1_147' title='bbox 1154 2516 1249 2584; x_wconf 91' lang='lat' dir='ltr'>esset,</span> <span class='ocrx_word' id='word_1_148' title='bbox 1275 2527 1340 2569; x_wconf 93' lang='lat' dir='ltr'>non</span> 
     </span>
     <span class='ocr_line' id='line_1_20' title="bbox 212 2620 1338 2704; baseline 0.004 -22"><span class='ocrx_word' id='word_1_149' title='bbox 212 2622 320 2702; x_wconf 92' lang='lat' dir='ltr'>potuit</span> <span class='ocrx_word' id='word_1_150' title='bbox 366 2640 431 2683; x_wconf 94' lang='lat' dir='ltr'>non</span> <span class='ocrx_word' id='word_1_151' title='bbox 477 2620 577 2703; x_wconf 89' lang='lat' dir='ltr'>longa</span> <span class='ocrx_word' id='word_1_152' title='bbox 623 2623 721 2684; x_wconf 85' lang='lat' dir='ltr'>series</span> <span class='ocrx_word' id='word_1_153' title='bbox 765 2623 902 2685; x_wconf 90' lang='lat' dir='ltr'>deorum</span> <span class='ocrx_word' id='word_1_154' title='bbox 945 2621 1146 2704; x_wconf 87' lang='lat' dir='ltr'>dearumque</span> <span class='ocrx_word' id='word_1_155' title='bbox 1186 2622 1338 2686; x_wconf 89' lang='lat' dir='ltr'>existere.</span> 
     </span>
     <span class='ocr_line' id='line_1_21' title="bbox 214 2735 1339 2822; baseline 0.001 -26"><span class='ocrx_word' id='word_1_156' title='bbox 214 2736 316 2797; x_wconf 91' lang='lat' dir='ltr'>Porro</span> <span class='ocrx_word' id='word_1_157' title='bbox 349 2735 426 2797; x_wconf 91' lang='lat' dir='ltr'>inde</span> <span class='ocrx_word' id='word_1_158' title='bbox 457 2743 547 2816; x_wconf 86' lang='lat' dir='ltr'>patet</span> <span class='ocrx_word' id='word_1_159' title='bbox 569 2736 865 2818; x_wconf 84' lang='lat' dir='ltr'>(argumentatione</span> <span class='ocrx_word' id='word_1_160' title='bbox 887 2759 908 2798; x_wconf 83' lang='lat' dir='ltr'>a</span> <span class='ocrx_word' id='word_1_161' title='bbox 924 2735 1108 2822; x_wconf 73' lang='lat' dir='ltr'>posten‘orz)</span> <span class='ocrx_word' id='word_1_162' title='bbox 1132 2735 1339 2818; x_wconf 88' lang='lat' dir='ltr'>Aeschylum</span> 
     </span>
     <span class='ocr_line' id='line_1_22' title="bbox 214 2848 1341 2932; baseline 0.001 -21"><span class='ocrx_word' id='word_1_163' title='bbox 214 2848 335 2912; x_wconf 90' lang='lat' dir='ltr'>multos</span> <span class='ocrx_word' id='word_1_164' title='bbox 368 2869 437 2912; x_wconf 90' lang='lat' dir='ltr'>esse</span> <span class='ocrx_word' id='word_1_165' title='bbox 460 2849 541 2910; x_wconf 87' lang='lat' dir='ltr'>deos</span> <span class='ocrx_word' id='word_1_166' title='bbox 566 2849 752 2924; x_wconf 89' lang='lat' dir='ltr'>credidisse,</span> <span class='ocrx_word' id='word_1_167' title='bbox 776 2849 865 2931; x_wconf 93' lang='lat' dir='ltr'>quod</span> <span class='ocrx_word' id='word_1_168' title='bbox 891 2849 1013 2932; x_wconf 91' lang='lat' dir='ltr'>ubique</span> <span class='ocrx_word' id='word_1_169' title='bbox 1036 2858 1068 2912; x_wconf 88' lang='lat' dir='ltr'>et</span> <span class='ocrx_word' id='word_1_170' title='bbox 1091 2851 1123 2912; x_wconf 93' lang='lat' dir='ltr'>in</span> <span class='ocrx_word' id='word_1_171' title='bbox 1147 2849 1285 2931; x_wconf 86' lang='lat' dir='ltr'>dialogis</span> <span class='ocrx_word' id='word_1_172' title='bbox 1308 2857 1341 2912; x_wconf 92' lang='lat' dir='ltr'>et</span> 
     </span>
     <span class='ocr_line' id='line_1_23' title="bbox 212 2962 1339 3048; baseline -0.001 -21"><span class='ocrx_word' id='word_1_173' title='bbox 212 2966 243 3027; x_wconf 93' lang='lat' dir='ltr'>in</span> <span class='ocrx_word' id='word_1_174' title='bbox 286 2962 392 3025; x_wconf 89' lang='lat' dir='ltr'>choris</span> <span class='ocrx_word' id='word_1_175' title='bbox 436 2963 477 3025; x_wconf 91' lang='lat' dir='ltr'>de</span> <span class='ocrx_word' id='word_1_176' title='bbox 519 2962 580 3025; x_wconf 84' lang='lat' dir='ltr'>diis</span> <span class='ocrx_word' id='word_1_177' title='bbox 620 2962 736 3045; x_wconf 89' lang='lat' dir='ltr'>plurali</span> <span class='ocrx_word' id='word_1_178' title='bbox 771 2985 909 3027; x_wconf 92' lang='lat' dir='ltr'>numero</span> <span class='ocrx_word' id='word_1_179' title='bbox 945 2985 1052 3026; x_wconf 92' lang='lat' dir='ltr'>sermo</span> <span class='ocrx_word' id='word_1_180' title='bbox 1088 2974 1147 3042; x_wconf 88' lang='lat' dir='ltr'>est,</span> <span class='ocrx_word' id='word_1_181' title='bbox 1183 2965 1339 3048; x_wconf 91' lang='lat' dir='ltr'>quodque</span> 
     </span>
     <span class='ocr_line' id='line_1_24' title="bbox 212 3075 1338 3161; baseline 0.002 -23"><span class='ocrx_word' id='word_1_182' title='bbox 212 3075 360 3160; x_wconf 89' lang='lat' dir='ltr'>Iuppiter</span> <span class='ocrx_word' id='word_1_183' title='bbox 393 3078 461 3160; x_wconf 90' lang='lat' dir='ltr'>ipse</span> <span class='ocrx_word' id='word_1_184' title='bbox 497 3077 659 3140; x_wconf 90' lang='lat' dir='ltr'>interdum</span> <span class='ocrx_word' id='word_1_185' title='bbox 696 3076 803 3157; x_wconf 67' lang='grc' dir='ltr'><strong><em>τρίτος</em></strong></span> <span class='ocrx_word' id='word_1_186' title='bbox 840 3079 966 3156; x_wconf 87' lang='lat' dir='ltr'>dicitur,</span> <span class='ocrx_word' id='word_1_187' title='bbox 990 3080 1141 3161; x_wconf 91' lang='lat' dir='ltr'>quamvis</span> <span class='ocrx_word' id='word_1_188' title='bbox 1164 3077 1244 3141; x_wconf 91' lang='lat' dir='ltr'>haec</span> <span class='ocrx_word' id='word_1_189' title='bbox 1267 3079 1338 3159; x_wconf 90' lang='lat' dir='ltr'>ipsa</span> 
     </span>
    </p>
   </div>
   <div class='ocr_carea' id='block_1_4' title="bbox 212 3190 1459 3275">
    <p class='ocr_par' dir='ltr' id='par_1_4' title="bbox 212 3190 1459 3275">
     <span class='ocr_line' id='line_1_25' title="bbox 212 3190 1459 3275; baseline -0.002 -21"><span class='ocrx_word' id='word_1_190' title='bbox 212 3213 263 3255; x_wconf 89' lang='lat' dir='ltr'>res</span> <span class='ocrx_word' id='word_1_191' title='bbox 299 3192 386 3256; x_wconf 92' lang='lat' dir='ltr'>Iovis</span> <span class='ocrx_word' id='word_1_192' title='bbox 423 3190 698 3273; x_wconf 86' lang='lat' dir='ltr'>magnificentiam</span> <span class='ocrx_word' id='word_1_193' title='bbox 728 3192 848 3255; x_wconf 92' lang='lat' dir='ltr'>indicet</span> <span class='ocrx_word' id='word_1_194' title='bbox 879 3191 1019 3274; x_wconf 87' lang='lat' dir='ltr'>(de-hoc</span> <span class='ocrx_word' id='word_1_195' title='bbox 1043 3193 1240 3275; x_wconf 87' lang='lat' dir='ltr'>cognomine</span> <span class='ocrx_word' id='word_1_196' title='bbox 1263 3192 1337 3255; x_wconf 90' lang='lat' dir='ltr'>vide</span> <span class='ocrx_word' id='word_1_197' title='bbox 1457 3218 1459 3222; x_wconf 49' lang='lat'><em>⁴</em></span> 
     </span>
    </p>
   </div>
   <div class='ocr_carea' id='block_1_5' title="bbox 209 3305 1349 3845">
    <p class='ocr_par' dir='ltr' id='par_1_5' title="bbox 209 3305 1349 3845">
     <span class='ocr_line' id='line_1_26' title="bbox 211 3305 1338 3389; baseline -0.002 -21"><span class='ocrx_word' id='word_1_198' title='bbox 211 3306 300 3382; x_wconf 84' lang='lat' dir='ltr'>infra,</span> <span class='ocrx_word' id='word_1_199' title='bbox 332 3326 364 3387; x_wconf 94' lang='lat' dir='ltr'>p.</span> <span class='ocrx_word' id='word_1_200' title='bbox 390 3305 456 3386; x_wconf 85' lang='lat'>30).</span> <span class='ocrx_word' id='word_1_201' title='bbox 502 3306 653 3381; x_wconf 90' lang='lat' dir='ltr'>Accedit,</span> <span class='ocrx_word' id='word_1_202' title='bbox 677 3306 767 3387; x_wconf 90' lang='lat' dir='ltr'>quod</span> <span class='ocrx_word' id='word_1_203' title='bbox 792 3305 991 3389; x_wconf 78' lang='lat' dir='ltr'>AeschyluS,</span> <span class='ocrx_word' id='word_1_204' title='bbox 1018 3308 1071 3369; x_wconf 93' lang='lat' dir='ltr'>ubi</span> <span class='ocrx_word' id='word_1_205' title='bbox 1096 3307 1270 3370; x_wconf 90' lang='lat' dir='ltr'>sententias</span> <span class='ocrx_word' id='word_1_206' title='bbox 1296 3305 1338 3367; x_wconf 94' lang='lat' dir='ltr'>de</span> 
     </span>
     <span class='ocr_line' id='line_1_27' title="bbox 211 3420 1336 3503; baseline 0 -21"><span class='ocrx_word' id='word_1_207' title='bbox 211 3420 319 3484; x_wconf 92' lang='lat' dir='ltr'>divina</span> <span class='ocrx_word' id='word_1_208' title='bbox 376 3428 490 3482; x_wconf 89' lang='lat' dir='ltr'>natura</span> <span class='ocrx_word' id='word_1_209' title='bbox 528 3420 662 3501; x_wconf 87' lang='lat' dir='ltr'>profert,</span> <span class='ocrx_word' id='word_1_210' title='bbox 702 3441 808 3503; x_wconf 89' lang='lat' dir='ltr'>neque</span> <span class='ocrx_word' id='word_1_211' title='bbox 857 3421 898 3482; x_wconf 89' lang='lat' dir='ltr'>de</span> <span class='ocrx_word' id='word_1_212' title='bbox 945 3431 1033 3485; x_wconf 89' lang='lat' dir='ltr'>certo</span> <span class='ocrx_word' id='word_1_213' title='bbox 1079 3422 1224 3502; x_wconf 90' lang='lat' dir='ltr'>quodam</span> <span class='ocrx_word' id='word_1_214' title='bbox 1273 3421 1336 3483; x_wconf 90' lang='lat' dir='ltr'>deo</span> 
     </span>
     <span class='ocr_line' id='line_1_28' title="bbox 212 3519 1349 3619; baseline 0.002 -23"><span class='ocrx_word' id='word_1_215' title='bbox 212 3535 298 3612; x_wconf 88' lang='lat' dir='ltr'>dicit,</span> <span class='ocrx_word' id='word_1_216' title='bbox 323 3534 415 3598; x_wconf 87' lang='lat' dir='ltr'>lacile</span> <span class='ocrx_word' id='word_1_217' title='bbox 439 3555 494 3597; x_wconf 91' lang='lat' dir='ltr'>eas</span> <span class='ocrx_word' id='word_1_218' title='bbox 517 3534 559 3596; x_wconf 93' lang='lat' dir='ltr'>ad</span> <span class='ocrx_word' id='word_1_219' title='bbox 583 3536 663 3595; x_wconf 73' lang='grc' dir='ltr'>θεὸν</span> <span class='ocrx_word' id='word_1_220' title='bbox 688 3534 855 3618; x_wconf 84' lang='lat' dir='ltr'>(singulari</span> <span class='ocrx_word' id='word_1_221' title='bbox 880 3541 1028 3615; x_wconf 89' lang='lat' dir='ltr'>numero)</span> <span class='ocrx_word' id='word_1_222' title='bbox 1041 3537 1203 3619; x_wconf 88' lang='lat' dir='ltr'>applicare</span> <span class='ocrx_word' id='word_1_223' title='bbox 1215 3519 1349 3619; x_wconf 86' lang='lat' dir='ltr'>potuis·¹</span> 
     </span>
     <span class='ocr_line' id='line_1_29' title="bbox 211 3646 1332 3732; baseline 0.003 -23"><span class='ocrx_word' id='word_1_224' title='bbox 211 3657 270 3724; x_wconf 90' lang='lat' dir='ltr'>set,</span> <span class='ocrx_word' id='word_1_225' title='bbox 305 3649 395 3732; x_wconf 94' lang='lat' dir='ltr'>quod</span> <span class='ocrx_word' id='word_1_226' title='bbox 431 3646 518 3711; x_wconf 93' lang='lat' dir='ltr'>haud</span> <span class='ocrx_word' id='word_1_227' title='bbox 555 3668 685 3730; x_wconf 89' lang='lat' dir='ltr'>semper</span> <span class='ocrx_word' id='word_1_228' title='bbox 719 3648 795 3711; x_wconf 85' lang='lat' dir='ltr'>fecit</span> <span class='ocrx_word' id='word_1_229' title='bbox 830 3649 900 3731; x_wconf 84' lang='lat' dir='ltr'>(cfr.</span> <span class='ocrx_word' id='word_1_230' title='bbox 930 3649 1013 3714; x_wconf 79' lang='lat' dir='ltr'>Pers.</span> <span class='ocrx_word' id='word_1_231' title='bbox 1048 3666 1122 3731; x_wconf 86' lang='lat'>291,</span> <span class='ocrx_word' id='word_1_232' title='bbox 1147 3649 1230 3731; x_wconf 80' lang='lat' dir='ltr'>Sept.</span> <span class='ocrx_word' id='word_1_233' title='bbox 1256 3665 1332 3729; x_wconf 85' lang='lat'>702,</span> 
     </span>
     <span class='ocr_line' id='line_1_30' title="bbox 209 3757 1281 3845; baseline 0 -21"><span class='ocrx_word' id='word_1_234' title='bbox 209 3762 329 3841; x_wconf 80' lang='lat' dir='ltr'>Agam.</span> <span class='ocrx_word' id='word_1_235' title='bbox 355 3762 429 3844; x_wconf 83' lang='lat'>356,</span> <span class='ocrx_word' id='word_1_236' title='bbox 454 3780 531 3844; x_wconf 87' lang='lat'>911,</span> <span class='ocrx_word' id='word_1_237' title='bbox 555 3763 701 3845; x_wconf 84' lang='lat' dir='ltr'>passim).</span> <span class='ocrx_word' id='word_1_238' title='bbox 1278 3757 1281 3763; x_wconf 55' lang='grc'>“</span> 
     </span>
    </p>
   </div>
   <div class='ocr_carea' id='block_1_6' title="bbox 258 3874 1448 3960">
    <p class='ocr_par' dir='ltr' id='par_1_6' title="bbox 258 3874 1448 3960">
     <span class='ocr_line' id='line_1_31' title="bbox 258 3874 1448 3960; baseline 0.003 -24"><span class='ocrx_word' id='word_1_239' title='bbox 258 3874 353 3956; x_wconf 86' lang='lat' dir='ltr'>Quae</span> <span class='ocrx_word' id='word_1_240' title='bbox 385 3885 494 3939; x_wconf 91' lang='lat' dir='ltr'>tamen</span> <span class='ocrx_word' id='word_1_241' title='bbox 520 3897 584 3939; x_wconf 93' lang='lat' dir='ltr'>non</span> <span class='ocrx_word' id='word_1_242' title='bbox 608 3877 654 3938; x_wconf 91' lang='lat' dir='ltr'>sic</span> <span class='ocrx_word' id='word_1_243' title='bbox 678 3875 821 3957; x_wconf 88' lang='lat' dir='ltr'>intellegi</span> <span class='ocrx_word' id='word_1_244' title='bbox 846 3876 933 3953; x_wconf 88' lang='lat' dir='ltr'>volo,</span> <span class='ocrx_word' id='word_1_245' title='bbox 958 3879 1049 3960; x_wconf 90' lang='lat' dir='ltr'>quasi</span> <span class='ocrx_word' id='word_1_246' title='bbox 1074 3898 1199 3955; x_wconf 71' lang='lat' dir='ltr'>omnm,</span> <span class='ocrx_word' id='word_1_247' title='bbox 1223 3878 1278 3959; x_wconf 93' lang='lat' dir='ltr'>qui</span> <span class='ocrx_word' id='word_1_248' title='bbox 1303 3878 1336 3940; x_wconf 95' lang='lat' dir='ltr'>in</span> <span class='ocrx_word' id='word_1_249' title='bbox 1446 3888 1448 3892; x_wconf 72' lang='grc'><strong>“</strong></span> 
     </span>
    </p>
   </div>
   <div class='ocr_carea' id='block_1_7' title="bbox 209 3988 1336 4414">
    <p class='ocr_par' dir='ltr' id='par_1_7' title="bbox 209 3988 1336 4414">
     <span class='ocr_line' id='line_1_32' title="bbox 210 3988 1336 4075; baseline 0.002 -23"><span class='ocrx_word' id='word_1_250' title='bbox 210 3988 370 4071; x_wconf 92' lang='lat' dir='ltr'>Aeschyli</span> <span class='ocrx_word' id='word_1_251' title='bbox 405 3990 521 4054; x_wconf 89' lang='lat' dir='ltr'>sabulis</span> <span class='ocrx_word' id='word_1_252' title='bbox 557 3991 601 4053; x_wconf 93' lang='lat' dir='ltr'>dii</span> <span class='ocrx_word' id='word_1_253' title='bbox 637 3990 841 4074; x_wconf 90' lang='lat' dir='ltr'>appellantur</span> <span class='ocrx_word' id='word_1_254' title='bbox 871 4000 929 4054; x_wconf 86' lang='lat' dir='ltr'>aut</span> <span class='ocrx_word' id='word_1_255' title='bbox 951 4001 1106 4075; x_wconf 87' lang='lat' dir='ltr'>tanquam</span> <span class='ocrx_word' id='word_1_256' title='bbox 1131 3993 1173 4054; x_wconf 90' lang='lat' dir='ltr'>dii</span> <span class='ocrx_word' id='word_1_257' title='bbox 1196 4001 1336 4054; x_wconf 86' lang='lat' dir='ltr'>tractan-</span> 
     </span>
     <span class='ocr_line' id='line_1_33' title="bbox 209 4103 1334 4186; baseline 0.004 -24"><span class='ocrx_word' id='word_1_258' title='bbox 209 4109 262 4163; x_wconf 89' lang='lat' dir='ltr'>tur</span> <span class='ocrx_word' id='word_1_259' title='bbox 306 4111 339 4164; x_wconf 92' lang='lat' dir='ltr'>et</span> <span class='ocrx_word' id='word_1_260' title='bbox 385 4103 610 4186; x_wconf 87' lang='lat' dir='ltr'>implorantur,</span> <span class='ocrx_word' id='word_1_261' title='bbox 655 4126 674 4167; x_wconf 95' lang='lat' dir='ltr'>a</span> <span class='ocrx_word' id='word_1_262' title='bbox 715 4111 813 4186; x_wconf 69' lang='lat' dir='ltr'>poeta</span> <span class='ocrx_word' id='word_1_263' title='bbox 856 4125 966 4168; x_wconf 88' lang='lat' dir='ltr'>revera</span> <span class='ocrx_word' id='word_1_264' title='bbox 1001 4108 1044 4168; x_wconf 89' lang='lat' dir='ltr'>dii</span> <span class='ocrx_word' id='word_1_265' title='bbox 1080 4105 1181 4169; x_wconf 90' lang='lat' dir='ltr'>habiti</span> <span class='ocrx_word' id='word_1_266' title='bbox 1218 4114 1334 4168; x_wconf 90' lang='lat' dir='ltr'>essent.</span> 
     </span>
     <span class='ocr_line' id='line_1_34' title="bbox 210 4214 1330 4301; baseline 0.003 -23"><span class='ocrx_word' id='word_1_267' title='bbox 210 4214 369 4278; x_wconf 89' lang='lat' dir='ltr'>Videmus</span> <span class='ocrx_word' id='word_1_268' title='bbox 403 4218 499 4291; x_wconf 89' lang='lat' dir='ltr'>enim,</span> <span class='ocrx_word' id='word_1_269' title='bbox 535 4219 624 4300; x_wconf 92' lang='lat' dir='ltr'>quod</span> <span class='ocrx_word' id='word_1_270' title='bbox 649 4219 690 4281; x_wconf 88' lang='lat' dir='ltr'>ad</span> <span class='ocrx_word' id='word_1_271' title='bbox 716 4219 986 4301; x_wconf 90' lang='lat' dir='ltr'>implorationem,</span> <span class='ocrx_word' id='word_1_272' title='bbox 1010 4220 1098 4301; x_wconf 94' lang='lat' dir='ltr'>apud</span> <span class='ocrx_word' id='word_1_273' title='bbox 1123 4219 1330 4301; x_wconf 91' lang='lat' dir='ltr'>Aeschylum</span> 
     </span>
     <span class='ocr_line' id='line_1_35' title="bbox 211 4330 1129 4414; baseline 0.005 -24"><span class='ocrx_word' id='word_1_274' title='bbox 211 4349 261 4390; x_wconf 89' lang='lat' dir='ltr'>res</span> <span class='ocrx_word' id='word_1_275' title='bbox 285 4330 382 4391; x_wconf 88' lang='lat' dir='ltr'>etiam</span> <span class='ocrx_word' id='word_1_276' title='bbox 405 4331 592 4411; x_wconf 89' lang='lat' dir='ltr'>suppliciter</span> <span class='ocrx_word' id='word_1_277' title='bbox 615 4333 768 4408; x_wconf 88' lang='lat' dir='ltr'>invocari,</span> <span class='ocrx_word' id='word_1_278' title='bbox 794 4342 829 4394; x_wconf 91' lang='lat' dir='ltr'>ut</span> <span class='ocrx_word' id='word_1_279' title='bbox 851 4332 956 4397; x_wconf 71' lang='lat' dir='ltr'>Pi‘om.</span> <span class='ocrx_word' id='word_1_280' title='bbox 983 4335 1129 4414; x_wconf 71' lang='lat'><strong>88—9&#39;5:</strong></span> 
     </span>
    </p>
   </div>
   <div class='ocr_carea' id='block_1_8' title="bbox 0 0 1558 4822">
    <p class='ocr_par' dir='ltr' id='par_1_8' title="bbox 0 0 1558 4822">
     <span class='ocr_line' id='line_1_36' title="bbox 0 0 1558 4822; baseline 0 4"><span class='ocrx_word' id='word_1_281' title='bbox 0 0 1558 4822; x_wconf 95' lang='lat' dir='ltr'> </span> 
     </span>
    </p>
   </div>
  </div>
 </body>
</html>
