3106 4822
765 263 806 310 l2

225 445 344 498 strasse
376 437 532 518 mysteria
555 456 677 519 paucas
700 456 750 497 res
773 456 874 498 novas
887 435 1085 498 continuisse
1098 443 1171 497 etv.
1186 434 1348 516 Limburg

226 548 383 610 Brouwer
405 557 521 630 putare
545 569 583 611 ea
607 549 763 630 mysteria
784 549 913 629 partim,
934 549 1085 630 quamvis
1096 568 1224 624 arcana,
1237 555 1346 609 tamen

223 661 376 723 omnibus
409 661 475 724 fere
507 670 583 724 nota
605 661 716 738 fuisse,
739 661 858 742 partim
881 659 959 723 talia
982 669 1110 723 tantum
1135 662 1346 742 persuasisse,

221 774 330 857 qualia
353 775 603 858 aliquis47etiam
628 777 654 838 si
680 776 821 838 initiatus
846 795 910 837 non
936 783 1032 851 esset,
1058 776 1140 838 scire
1162 784 1288 857 posset.
1318 781 1345 853 1)
1400 775 1401 779 ’

223 888 266 951 Et
289 897 374 951 recte
398 889 445 951 sic
464 898 567 970 putat,
581 910 655 952 nam
669 910 708 952 ea
720 888 877 965 doctrina,
892 909 976 971 quae
988 888 1124 952 sortasse
1137 891 1168 951 in
1179 888 1344 972 mysteriis

221 1001 395 1064 Eleusiniis
418 1003 538 1066 summi
563 1011 633 1065 erat
657 1003 826 1078 momenti,
851 1002 993 1064 initiatos
1018 1002 1106 1065 solos
1115 1012 1190 1084 post
1203 1013 1344 1067 mortem

220 1116 333 1181 beatos
356 1138 436 1195 esse,
462 1119 526 1180 iam
550 1117 669 1199 legitur
686 1118 718 1179 in
731 1116 856 1199 hymno
869 1117 902 1179 in
915 1115 1067 1179 Cererem
1081 1139 1132 1180 vv.
1145 1119 1321 1198 481—483
1336 1142 1342 1181 :

349 1227 465 1314 ὄλβιος,
488 1232 521 1302 ὃς
546 1228 621 1292 τάδε
645 1232 777 1292 ὄπωπεν
801 1229 997 1311 ἐπιχθονίων
1021 1229 1219 1311 ἀνθρώπων·

351 1345 383 1416 3,·
407 1342 435 1406 δ’
458 1341 573 1424 ἀτελὴς
598 1345 700 1424 ἱερῶν,
723 1344 756 1415 ὃς
780 1348 809 1404 τ’
833 1346 979 1424 ἄμμορος,
1003 1345 1111 1407 οὐποθ
1135 1345 1246 1427 ὁμοίην
1336 1411 1338 1414 ,

352 1448 445 1517 αἶσαν
470 1456 543 1539 ἔχει,
566 1455 720 1536 φθίμενός
744 1479 813 1535 περ,
838 1455 901 1516 ὑπὸ
925 1445 1007 1538 ζόφῳ
1032 1458 1183 1537 ἠερόεντι,
1211 1459 1242 1542 2)

217 1578 250 1632 et
272 1571 360 1652 apud
383 1571 640 1654 Aristophanem
665 1571 761 1654 (Rern.
785 1571 995 1654 454—459);

572 1688 696 1756 ν’ίίόνοις
718 1685 778 1764 γὰρ
806 1689 875 1764 ἡμῖν
900 1681 987 1763 ἣλιος

573 1788 625 1846 καί
648 1784 759 1866 φίμμος
783 1783 893 1867 ἱλαρόν
916 1791 1014 1866 ἐστιν,

573 1901 637 1961 ὅσοι
659 1904 847 1982 μεμυήμεθ’,
871 1899 923 1962 εὑ-

567 2016 641 2099 cesla
665 2038 699 2074 τε
724 2011 871 2094 διήγομεν

570 2133 689 2210 τρόπον
715 2131 786 2209 περὶ
811 2131 885 2201 τούς
908 2128 1014 2203 ξένους

576 2245 627 2304 καί
651 2244 725 2317 τούς
749 2241 888 2316 ἰδιώτας.
914 2245 945 2326 3)

261 2355 472 2441 Quamquam
507 2358 654 2421 concedo
688 2357 857 2421 Lobeckio
888 2356 1095 2420 caerimonias
1118 2357 1151 2419 in
1176 2360 1339 2440 mysteriis

222 2469 399 2533 Eleusiniis
433 2472 570 2535 sortasse
604 2473 709 2554 magis
743 2493 876 2535 arcanas
905 2473 1006 2534 suisse
1029 2492 1128 2553 quam
1152 2470 1339 2534 doctrinam.

216 2585 264 2649 At
298 2606 339 2648 ne
374 2585 458 2648 hanc
482 2587 615 2668 quidem
640 2586 828 2668 Aeschylus
852 2587 885 2648 in
909 2586 1086 2667 tragoediis
1111 2594 1243 2647 secutus
1267 2605 1338 2647 esse

216 2698 355 2776 videtur,
392 2719 479 2778 nam,
516 2699 590 2763 licet
621 2698 876 2782 Naegelsbacho
898 2699 932 2781 4)
955 2699 1100 2762 assentiri
1125 2719 1190 2760 non
1213 2699 1337 2780 possim

250 2850 272 2900 1l
309 2850 336 2899 P.
360 2865 409 2898 van
435 2850 557 2915 Limburg
583 2850 709 2914 Brouwer,
735 2849 847 2899 Histoire
865 2849 897 2898 de
914 2847 939 2896 la
956 2847 1109 2897 civilisation
1127 2847 1222 2895 morale
1239 2853 1263 2895 et
1280 2846 1337 2896 reli-

215 2942 301 3005 gieuse
318 2942 364 2990 des
381 2942 467 3007 Grecs,
484 2943 563 2992 Gron.
584 2943 656 3004 1840,
675 2942 713 2989 IV
730 2941 797 3007 (VI),
814 2958 839 3007 p.
858 2942 920 3006 285:
945 2992 951 3005 ,

248 3034 313 3100 „Les
337 3036 464 3098 mysteres,
487 3034 512 3097 je
538 3035 561 3083 le
588 3033 680 3098 repete,
706 3033 799 3082 etoient
814 3032 1005 3096 communiques
1022 3013 1235 3080 indistinctemcnt
1253 3036 1268 3080 a
1285 3039 1339 3081 tout

213 3125 236 3173 le
255 3126 360 3186 monde;
376 3141 420 3189 par
436 3125 589 3188 consequent
606 3124 629 3174 le
646 3125 753 3188 mystere
771 3122 857 3172 n’etait
869 3121 1109 3188 plusunmystere’'‚
1119 3130 1143 3171 et
1153 3139 1176 3186 p.
1188 3121 1337 3188 285-286:

247 3215 288 3275 „11
305 3231 345 3264 me
362 3217 465 3279 semble,
483 3217 560 3280 qu'on
577 3233 608 3265 ne
626 3215 720 3265 sauroit
736 3214 831 3265 lournir
849 3214 881 3263 de
898 3229 992 3278 preuvc
1008 3213 1063 3278 plus
1081 3213 1260 3263 convaincante
1273 3229 1335 3279 pour

216 3308 357 3357 demontrer
389 3308 465 3372 qu'on
493 3308 625 3372 apprenoit
651 3307 713 3356 dans
738 3306 774 3355 les
801 3309 919 3371 mysteres
946 3305 990 3355 des
1016 3305 1104 3354 choses
1131 3304 1207 3369 qu'on
1234 3307 1337 3370 pouvoit

213 3398 355 3449 facilement
372 3399 455 3448 savoir
472 3415 504 3447 ou
521 3399 641 3463 inveniet,
660 3414 717 3448 sans
735 3396 812 3463 qu’on
829 3397 867 3446 sut
884 3395 978 3449 initie''.

246 3488 272 3552 2)
288 3490 356 3539 aaa.
373 3492 405 3540 A.
423 3489 531 3549 nemon,
550 3471 634 3554 Leipz.
655 3489 718 3540 1886
735 3489 804 3554 (vide
821 3489 895 3538 huius
913 3489 971 3538 nuri
988 3506 1012 3554 p.
1034 3486 1185 3552 278-279).

246 3580 271 3646 3)
289 3582 355 3630 Vide
371 3581 447 3630 etiam
465 3581 542 3645 Soph.
558 3580 648 3646 fragm.
668 3591 715 3645 753
732 3581 810 3644 (Edit.
829 3578 938 3645 Nauck).

246 3672 272 3738 4)
308 3673 464 3722 Nach·hom.
491 3673 581 3722 Theol.
606 3689 631 3738 p.
650 3683 706 3736 397.
726 3673 756 3720 In
773 3671 862 3736 fragm.
879 3671 956 3735 enim,
973 3671 1040 3736 quod
1057 3672 1151 3736 laudat,
1168 3673 1267 3738 (fragm.
1287 3674 1335 3723 266

212 3770 251 3817 ed.
270 3767 297 3815 Il
314 3766 404 3815 Nauck
425 3764 512 3830 1889):

480 3848 523 3894 καί
541 3848 603 3902 τοὺς
623 3844 764 3901 θανόντας
782 3847 805 3892 εί
824 3842 919 3900 θέλεις
937 3843 1090 3910 εὐεργετεῖν

478 3924 528 3973 είτ’
545 3914 592 3975 οὖν
610 3932 776 3990 κακουργεῖν,
797 3923 957 3983 ἀμφιδεξίως
976 3923 1029 3988 ἔχει

479 4008 511 4072 τῷ
528 4009 597 4070 μήτε
617 4008 720 4071 χαίρειν
737 4007 808 4069 μήτε
827 4003 979 4052 λυπεῖσθαί
998 4005 1121 4062 φθιτούς.

209 4084 241 4132 de
267 4085 413 4148 corporibus
438 4084 498 4133 solis
524 4101 605 4134 sermo
631 4091 677 4133 est.
704 4083 779 4145 Quod
805 4083 853 4132 nisi
877 4083 912 4131 ita
930 4090 1002 4147 esset,
1020 4082 1161 4147 Aeschylus
1179 4098 1263 4131 secum
1280 4082 1334 4147 ipse

211 4182 340 4240 pugnaret,
366 4191 425 4223 nam
448 4177 480 4224 ‹le
503 4175 656 4234 hominibus,
674 4175 718 4238 qui
736 4174 811 4239 impie
829 4181 853 4223 et
869 4174 982 4239 improbe
1000 4175 1114 4224 vixerunt
1131 4177 1162 4223 τὸ
1181 4173 1335 4223 λυπεῖσθαι

211 4265 324 4315 affirmat.
359 4267 489 4316 Praeterea
515 4282 581 4315 mors
608 4267 640 4314 ab
665 4282 696 4314 eo
722 4267 809 4314 παιὰν
833 4272 857 4314 et
880 4268 972 4333 ἰατρὸς
997 4266 1136 4331 appellatur
1159 4265 1259 4332 (fragm.
1276 4275 1334 4330 255,

210 4358 250 4408 ed.
268 4356 376 4424 Nauck).
