3106 4822
774 295 812 361 52

232 471 262 548 (i.
286 490 313 531 e.
345 470 412 552 ipse
447 466 548 550 Ζιιίς),
585 462 795 550 fungebatur,
826 465 946 549 quibus
977 486 1092 530 omnes
1117 468 1167 530 res
1191 466 1354 531 humanae

231 582 397 650 obnoxiae
428 591 514 658 sunt,
550 603 615 645 non
639 581 721 659 Iovi,
747 590 783 643 ut
805 582 837 643 in
867 601 966 662 supra
988 582 1133 644 tractatis
1156 581 1351 664 tragoediis3

231 719 382 781 quaeque
427 697 577 761 homines
622 717 682 778 pro
729 715 845 758 eorum
887 695 1081 759 facinoribus
1116 697 1207 760 iustis
1240 697 1354 778 poenis

231 812 384 890 afficiunt,
409 813 453 875 ita
477 820 513 874 ut
535 819 604 874 tota
626 831 745 873 eorum.
765 809 852 872 salus
875 810 908 872 in
933 810 1039 872 Parcis
1063 810 1105 873 sit
1128 811 1235 892 posita
1247 831 1355 892 neque

231 929 296 990 iam
330 949 415 1010 opus
451 948 523 991 esse
557 927 703 991 videatur
739 925 882 1008 reliquos
912 927 991 990 deos
1022 948 1145 1005 curare,
1170 927 1353 990 dummodo

231 1041 380 1104 homines
416 1040 559 1121 Μοίραις
593 1040 797 1104 satisfaciant.
833 1040 991 1105 Attamen
1026 1064 1056 1108 ν.
1080 1058 1147 1122 939
1171 1041 1285 1124 reliqui
1309 1042 1353 1104 dii

231 1155 393 1238 implorati
429 1157 492 1218 iam
528 1163 603 1218 sunt
637 1155 679 1218 ab
714 1155 791 1237 ipsis
827 1156 914 1217 Diris
948 1153 1008 1241 (sic
1044 1175 1164 1228 nomen
1193 1158 1353 1236 Ἐρινιίων

230 1277 355 1335 vertere
377 1268 497 1352 placet)
521 1290 573 1333 vv.
597 1269 791 1350 938-939:

275 1378 432 1444 νεανίδων
457 1384 487 1442 τ’
512 1382 680 1463 ἐπηράτων

323 1493 527 1578 ἀνδροτυχεῖς
548 1495 675 1579 βιότους
698 1491 781 1573 δότε,
805 1498 884 1576 κιίρί
908 1494 1044 1577 ἔχοντος,

232 1621 264 1675 et
286 1634 316 1675 ν.
342 1624 407 1692 952
432 1612 512 1682 Ζωίς
536 1631 555 1673 a
578 1611 725 1673 Minerva
748 1611 853 1673 victor
876 1613 1035 1691 Ἐρινύων
1055 1611 1197 1674 evasisse
1217 1610 1352 1673 dicitur:

499 1720 569 1785 ἀλλ’
593 1725 743 1805 ἐκράτησε
767 1726 846 1797 Ζεύς
869 1723 1025 1806 ἀγοραῖος.
1161 1701 1163 1704 ⁴

276 1839 354 1912 Ζιιίς
386 1840 483 1922 igitur
508 1838 648 1922 Erinyes
671 1840 757 1919 vicit,
781 1841 800 1905 i.
825 1861 852 1905 e.
875 1841 961 1923 ipsas
985 1838 1123 1921 Μοίρας.
1172 1839 1352 1920 Postquam

232 1955 319 2017 enim
366 1955 503 2037 Erinyes
549 1949 588 2017 in'
627 1954 751 2038 templo
786 1954 953 2037 Apollinis
989 1955 1177 2037 consopitae
1212 1961 1289 2016 sunt
1322 1960 1354 2014 et

233 2066 367 2131 Orestes
401 2088 442 2131 ex
479 2089 520 2131 eo
554 2070 668 2146 evasit,
702 2067 867 2151 pauloque
902 2077 978 2151 post
1000 2069 1139 2150 Erinyes
1161 2068 1202 2131 ab
1227 2066 1354 2149 Clytae-

233 2190 371 2249 mestrae
405 2182 493 2245 idolo
528 2202 568 2246 ex
600 2203 716 2246 somno
749 2191 827 2246 sunt
848 2184 1019 2260 excitatae,
1043 2183 1143 2246 iratae
1167 2181 1247 2244 deae
1270 2180 1353 2244 hanc

233 2317 301 2359 rem
325 2294 471 2376 Apollini
496 2297 667 2378 imputant,
691 2297 837 2360 dicentes
860 2297 902 2380 (v.
931 2295 1022 2378 150):

411 2406 477 2480 νέος
500 2405 533 2469 δὲ
556 2409 669 2490 γραίας
693 2407 846 2490 δαίμονας
869 2413 1081 2471 καθιππάσω·

233 2523 323 2606 quod
358 2523 445 2586 idem
480 2532 590 2586 tamen
626 2547 659 2593 v.
695 2541 755 2605 172
785 2526 830 2588 sic
854 2526 1056 2607 exprimunt:
1093 2518 1297 2600 παλαιγενεῖς
1320 2519 1353 2583 δὲ

233 2636 363 2717 Μοίρας
396 2636 525 2717 φθίσας.
572 2638 629 2700 Ad
664 2660 764 2721 quem
803 2660 933 2703 versum
968 2636 1169 2701 Scholiastes
1203 2645 1353 2700 annotat:

233 2756 323 2831 ἡμᾶς,
345 2752 417 2812 ὅσον
443 2751 494 2811 ἐπὶ
520 2750 577 2811 σοί.
603 2752 646 2815 Et
664 2761 750 2816 recte
764 2754 906 2836 quidem.
933 2752 1010 2814 Hoc
1022 2752 1110 2813 enim
1123 2751 1197 2814 loco
1214 2751 1354 2832 Erinyes

177 2941 182 2948 ι
233 2885 411 2947 earumque
433 2885 561 2927 sorores
586 2867 709 2947 Μοῖραι
732 2866 868 2929 eaedem
888 2867 971 2929 deae
984 2886 1054 2928 esse
1070 2864 1228 2929 videntur.
1253 2864 1354 2946 Quod

233 2980 331 3042 etiam
360 2979 385 3040 si
417 2979 490 3060 quis
515 2999 635 3061 negare
659 2980 745 3057 velit,
769 2989 878 3044 tamen
902 2981 1098 3043 nonfacere
1121 2979 1250 3062 poterit,
1274 2979 1354 3060 quin

233 3090 393 3155 concedat
439 3092 470 3153 in
513 3093 661 3174 versibus
697 3093 835 3157 laudatis
869 3095 946 3172 vim,
982 3094 1072 3156 Diris
1107 3092 1239 3170 illatam,
1275 3093 1354 3174 ipsis

234 3202 376 3285 Μοίραις
411 3204 533 3290 illatam
565 3205 638 3268 dici.
685 3205 790 3271 Simul
814 3229 857 3270 ex
881 3191 946 3270 hoc
969 3208 1043 3270 loco
1067 3215 1202 3290 apparet
1225 3205 1355 3289 Μοίρας

233 3341 299 3384 non
330 3319 437 3382 solum
461 3319 502 3383 ab
526 3319 605 3385 Iove
628 3322 685 3384 sed
709 3324 805 3386 etiam
829 3324 871 3386 ab
895 3323 965 3385 eius
989 3321 1055 3385 tilio
1079 3320 1236 3404 Apolline
1258 3321 1353 3384 vinci.

234 3436 306 3498 Nec
340 3435 469 3497 mirum.
523 3433 733 3518 Quamquam
769 3437 854 3499 enim
889 3435 930 3500 ab
966 3437 1055 3499 Diris
1088 3435 1355 3500 honeratissimae

234 3550 371 3613 deorum
418 3549 578 3627 dicuntur,
623 3548 689 3612 hoc
735 3571 865 3613 summo
908 3550 1034 3613 honore
1068 3551 1201 3613 mininie
1236 3549 1355 3632 dignae

234 3665 397 3741 videntur,
421 3684 497 3726 nam
521 3663 597 3726 licet
619 3684 734 3727 omnes
760 3685 812 3727 res
834 3664 995 3728 humanas
1019 3664 1212 3748 gubernent,
1235 3683 1354 3745 easque

235 3778 318 3842 hanc
353 3779 396 3842 ob
431 3799 500 3841 rem
536 3780 800 3862 vigilantissimas
830 3800 902 3842 esse
933 3787 1092 3862 oporteat,
1123 3800 1154 3842 ν.
1178 3791 1244 3860 714
1266 3778 1355 3860 ipsae

236 3892 374 3973 Erinyes
408 3877 557 3973 Apollini
593 3892 778 3956 concedunt
808 3891 939 3974 Μοίρας
966 3894 1007 3955 ab
1030 3913 1071 3955 eo
1095 3892 1247 3974 deceptas
1272 3911 1355 3966 esse,

235 4024 301 4085 quo
323 4003 408 4068 sacto
433 4005 575 4068 Pheretis
598 4006 682 4069 filius
706 4027 724 4068 e
747 4007 937 4070 necessitate
958 4007 1118 4070 moriendi
1138 4014 1208 4069 tum
1222 4004 1355 4088 quidem

235 4116 475 4182 extraheretur,
506 4119 550 4181 Et
584 4120 753 4201 quomodo
777 4119 931 4204 deceptae
954 4121 1045 4184 sunt!
1071 4121 1211 4202 Erinyes
1235 4141 1265 4182 v.
1290 4132 1356 4200 714

236 4228 272 4288 τὸ
295 4228 468 4305 ‚meliust
492 4233 676 4296 nominant:

391 4341 523 4425 Μοίρας
545 4335 859 4425 ἕπεισαςοίφθίτονς
885 4351 990 4408 θεῖναι
1014 4347 1157 4429 βροιοιίς,
