3106 4822
749 275 809 335 ¹24

214 453 347 505 naturae
381 444 543 506 humanae
568 446 611 506 ita
635 446 893 521 convenientem,
919 455 953 507 ut
976 446 1064 526 apud
1089 445 1231 527 populos
1257 444 1337 507 chri-

213 559 344 634 stianos
381 579 581 640 quamquam
616 558 647 619 hi
684 543 853 620 meliorem
876 567 1072 640 acceperunt
1096 559 1287 635 doctrinam,
1307 567 1335 641 ι)

213 672 245 733 in
280 673 344 734 vita
374 675 540 735 communi
573 693 665 735 amor
690 673 896 735 inimicorum
920 682 1008 737 totus
1034 674 1101 737 fere
1124 674 1336 750 desideretur,

214 804 318 865 neque
353 785 441 866 apud
476 806 545 862 eos,
580 787 636 867 qui
672 807 737 848 non
761 786 833 848 solo
858 788 1000 864 nomine,
1025 787 1082 849 sed
1107 808 1219 850 revera
1245 786 1336 850 Chri·

212 898 334 961 stianos
354 919 389 960 se
412 919 483 961 esse
504 900 658 980 gestiunt,
683 897 736 960 hic
759 919 852 961 amor
875 900 966 980 quasi
991 899 1092 963 altera
1115 909 1230 963 natura
1253 901 1338 963 sacta

212 1014 262 1088 sit,
297 1013 355 1075 sed
393 1013 472 1077 heu!
520 1014 615 1075 nimis
650 1012 789 1074 difficilis
834 1033 885 1075 res
930 1033 1002 1075 esse
1045 1034 1142 1095 saepe
1178 1015 1335 1076 videatur.

214 1126 343 1206 Quodsi
366 1127 478 1209 populi
503 1126 668 1189 christiani
692 1126 777 1188 hanc
800 1127 983 1190 doctrinam
1008 1127 1067 1189 sibi
1088 1128 1262 1202 vindicant,
1276 1149 1336 1190 nec

212 1250 322 1303 tamen
358 1242 390 1303 in
425 1242 592 1303 communi
628 1242 695 1303 vita
730 1241 798 1302 eius
835 1260 995 1302 memores
1020 1241 1125 1304 solent
1150 1262 1231 1318 esse,
1256 1242 1335 1323 quid

214 1355 342 1429 mirum,
368 1355 404 1430 ‚si
440 1352 567 1429 Graeci,
603 1362 635 1414 et
670 1354 752 1414 inter
781 1351 925 1415 Graecos
948 1352 1148 1434 AeschyluS,
1173 1354 1229 1436 qui
1254 1354 1336 1417 tales

212 1469 311 1531 videri
347 1467 478 1543 nollent,
512 1465 625 1548 quales
659 1487 731 1528 esse
766 1488 831 1529 non
867 1475 1011 1548 possent,
1046 1467 1125 1529 illud
1161 1467 1272 1530 odium
1304 1469 1335 1529 in

212 1583 358 1643 inimicos
383 1581 490 1662 palam
514 1581 650 1662 professi
674 1587 770 1644 sunt?

256 1696 425 1756 Praeterea
451 1693 637 1775 Aeschylus
661 1703 793 1775 putasse
813 1696 940 1757 videtur
954 1694 1109 1795 ultionem
1124 1695 1331 1756 inimicorum

211 1831 230 1870 a
253 1810 313 1870 diis
338 1808 525 1871 hominibus
552 1809 737 1871 mandatam
762 1830 844 1885 esse,
869 1830 944 1870 cum
969 1830 996 1871 e.
1023 1829 1070 1889 gr.
1095 1808 1173 1870 dicit
1186 1808 1332 1888 Agame-

212 1944 368 1985 mnonem
404 1945 422 1984 a
448 1925 526 1986 love
552 1924 687 1985 missum
711 1945 793 1997 esse,
820 1933 854 1985 ut
879 1924 1026 1985 Paridem
1051 1932 1185 2004 propter
1210 1932 1335 2004 raptam

214 2037 376 2098 Helenam
402 2037 611 2100 ulcisceretur
635 2038 752 2116 Agam.
777 2036 927 2099 60-62:

455 2148 540 2210 οὕτω
564 2147 592 2208 d’
617 2146 752 2229 Ἀτρέα),ὶ
776 2146 894 2221 παῖδας
917 2150 935 2210 ὁ
957 2149 1106 2229 κρείσσων

457 2264 507 2322 ἐπ’
533 2260 740 2343 Ἀλεξάνδρῳ
759 2262 875 2343 πέμπει
900 2261 997 2336 ξένιος

455 2377 534 2449 Ζεύς

212 2501 244 2554 et
268 2489 418 2554 Orestam
442 2492 483 2554 ab
506 2492 663 2573 Apolline
693 2492 847 2574 gravibus
871 2493 986 2574 poenis
1010 2492 1187 2572 propositis
1210 2500 1335 2572 patrem

213 2604 324 2667 ulcisci
349 2607 474 2668 iussum
497 2626 569 2668 esse
593 2604 743 2688 (Charyb.
769 2605 961 2684 261-289;
987 2603 1232 2684 '1026—1030).

257 2717 358 2798 Quod
400 2719 542 2801 denique
583 2722 702 2782 summi
744 2729 793 2783 est
833 2719 1001 2793 momenti,
1043 2719 1247 2799 temporibus
1284 2719 1331 2792 iis,

212 2831 331 2912 quibus
355 2831 416 2894 hae
440 2854 599 2914 personae
622 2835 765 2916 tragicae
778 2833 945 2914 finguntur
958 2833 1090 2908 vixisse,
1104 2853 1182 2893 suae
1196 2833 1335 2913 quisque

211 2964 327 3005 causae
350 2954 418 3007 erat
441 2947 572 3021 vindex,
596 2968 656 3009 nec
680 2948 760 3010 dum
784 2948 908 3009 iudices
933 2955 1023 3008 erant
1048 2942 1158 3021 ,,δι’κας
1173 2943 1334 3025 κρίνοντες

212 3055 348 3137 αἳματος
371 3055 489 3139 χυτοὺ”
514 3061 619 3143 (Eum.
642 3061 731 3142 672).

256 3171 408 3252 Quarum
432 3174 579 3236 omnium
605 3195 712 3237 rerum
738 3176 863 3237 ratione
886 3172 996 3236 habita
1018 3174 1128 3254 potius
1149 3172 1334 3234 mirandum

211 3286 338 3360 videtur
361 3286 536 3366 Electram,
561 3290 580 3350 i.
605 3309 632 3352 e.
659 3288 864 3370 Aeschylum
890 3289 921 3349 in
945 3287 1182 3349 dubitationem
1196 3288 1333 3360 venisse,

212 3410 321 3464 utrum
355 3400 402 3462 fas
432 3410 519 3464 esset
542 3401 654 3465 hostes
680 3403 789 3464 ulcisci
814 3423 915 3464 necne
939 3402 982 3484 (ν.
1013 3400 1098 3483 115),
1125 3421 1225 3483 quam
1251 3401 1332 3462 vitu-

211 3515 401 3597 perandum,
435 3517 523 3597 quod
548 3515 719 3578 haesitanti
744 3516 891 3578 Electrae
916 3535 1108 3596 responsum
1133 3514 1228 3576 datur
1251 3511 1335 3574 affir-

211 3631 378 3692 mativum.
395 3629 425 3712 2)

247 3793 269 3858 1)
295 3793 357 3841 Luc.
383 3793 429 3854 VI,
456 3805 495 3856 27,
523 3789 562 3840 28.
581 3791 726 3854 Ἀγααᾶτε
744 3793 806 3847 τοὺς
822 3792 941 3856 ἐχθροὺς
960 3790 1041 3848 ὑμῶν,
1059 3786 1143 3844 καλῶς·
1160 3768 1261 3836 uorem
1279 3795 1334 3844 τοῖς

210 3887 330 3942 μισοῦσιν
352 3885 431 3942 ὑμᾶς,
461 3882 596 3946 εαλογεῖῑε
614 3885 676 3939 τούς
696 3883 897 3947 καταρωμένους
917 3881 979 3939 ὑμῖν
998 3882 1041 3928 καὶ
1058 3880 1246 3946 προσεύχεσθε
1266 3877 1333 3944 ὑπὲρ

210 3978 261 4023 τῶν
280 3973 484 4038 ἑαηρεαζόιίἀν
500 3971 595 4032 ὑμᾶς.”
612 3972 646 4020 Et
663 3972 751 4021 Matth.
771 3973 801 4034 V,
819 3984 867 4031 443
887 3972 962 4019 Rom.
980 3970 1042 4030 XII,
1061 3983 1101 4020 20.

245 4062 270 4128 2)
288 4063 378 4112 Matth.
397 4065 428 4123 V,
445 4077 478 4126 43
492 4065 596 4128 legitur:
615 4063 766 4112 Ἠκούσατε
785 4063 825 4111 ὅτι
845 4064 957 4129 ἐρρέθη,
977 4062 1147 4127 Ἀγαπήσεις
1164 4059 1334 4127 τὸνπλησίον

213 4169 268 4213 σου,
287 4156 331 4202 καὶ
348 4157 468 4220 μισήσας
486 4158 532 4203 τὸν
550 4155 655 4221 ἐχθρόν
674 4169 726 4204 σου.
745 4155 898 4218 Aeschylum
916 4160 999 4202 autem
1017 4153 1244 4202 hocidemdocere
1255 4152 1335 4202 Buch-

211 4247 268 4295 holz
286 4247 425 4310 contendit,
442 4247 486 4295 sed
504 4247 585 4296 minus
602 4253 676 4309 recte,
695 4263 753 4296 nam
770 4255 845 4311 poeta
862 4246 924 4294 dicit
942 4261 993 4294 non
1012 4261 1069 4294 cum
1085 4245 1178 4309 pietate
1188 4261 1247 4309 erga
1257 4243 1333 4293 deum

210 4353 323 4404 pugnare
337 4337 449 4386 hostibus
468 4338 531 4385 male
550 4336 639 4402 facete,
654 4354 701 4387 nec
719 4344 803 4385 tamen
819 4337 885 4385 hanc
903 4352 956 4384 rem
973 4335 1102 4400 praecipit.
