3106 4822
748 235 806 302 ¹32

214 426 348 488 quoque
388 416 581 488 argumento
617 417 677 470 est.
725 408 818 470 Deus
853 410 1026 489 praescivit
1062 409 1342 492 Clytaemestram

212 529 400 583 necaturam
435 541 506 582 esse
541 521 839 602 Agamemnonem,
868 543 943 585 nam
973 521 1155 586 Cassandra
1178 525 1340 588 divinitus

212 633 320 695 afflata
354 633 438 695 hanc
474 655 587 696 necem
611 635 784 715 praedixit.
834 635 910 697 Hoc
935 638 1015 699 deus
1039 639 1194 720 impedire
1217 640 1340 720 potuit,

213 766 275 807 nec
309 753 419 808 tamen
455 747 540 824 secit,
576 749 646 829 ipse
681 769 760 830 ergo
784 749 865 811 deus
888 749 972 812 hanc
995 772 1110 814 necem
1134 753 1247 827 voluit,
1271 773 1341 814 non

212 859 306 922 aliter
335 882 373 923 ac
397 863 423 923 si
449 862 576 944 aliquiS,
601 863 657 944 qui
681 866 821 926 alterum
847 865 943 926 undis
968 866 1066 926 maris
1090 865 1184 927 obrui
1209 865 1342 928 videtur

213 995 271 1037 nec
295 984 405 1038 tamen
429 978 457 1038 ei
481 977 639 1039 auxilium
662 977 732 1053 fert,
757 978 832 1040 licet
855 978 946 1040 sacile
969 980 1138 1059 potuisset,
1162 980 1229 1060 ipse
1243 979 1339 1041 illum

211 1091 316 1171 perire
351 1090 465 1152 voluit.
495 1090 521 1173 1)
571 1091 729 1153 Attamen
753 1091 953 1174 AeschyluS,
978 1093 1034 1173 qui
1059 1091 1236 1154 humanam
1261 1113 1339 1154 eon-

212 1199 375 1265 dicionem
412 1213 498 1266 recte
533 1205 759 1286 perspiciebat,
792 1208 892 1268 sensit
921 1206 1080 1282 homines,
1105 1207 1132 1268 si
1158 1227 1222 1289 qua
1245 1207 1277 1268 in
1301 1227 1338 1268 re

211 1319 444 1397 peccavissent,
479 1317 621 1399 culpam,
656 1327 794 1382 testante
829 1320 914 1381 male
942 1320 1104 1382 factorum
1128 1320 1337 1395 conscientia,

212 1450 392 1510 agnoscere
423 1451 526 1493 suam.
550 1430 606 1492 Sic
631 1430 879 1513 Clytaemestra,
903 1454 1003 1515 quam
1028 1435 1147 1496 domus
1170 1430 1339 1514 Ἀλάστωρ

213 1544 255 1605 ad
301 1544 563 1626 Agamemnonis
606 1567 720 1608 necem
763 1547 958 1623 adduxerat,
997 1548 1164 1609 nocturnis
1200 1547 1338 1610 somniis

215 1657 405 1733 terrebatur,
442 1680 540 1740 quam
575 1659 618 1720 ob
654 1679 721 1720 rem
757 1659 913 1722 libamina
948 1661 1055 1734 mittit,
1086 1660 1206 1742 quibus
1230 1661 1337 1723 mariti

217 1792 328 1833 manes
371 1772 477 1852 placet
519 1771 669 1865 (d‘doitph.
716 1790 857 1852 22—42.
909 1773 985 1835 Hoc
1027 1782 1195 1854 postremo
1240 1793 1337 1835 versu

213 1885 449 1968 Clytaemestra
484 1887 664 1968 appellatur
699 1883 833 1957 <lundam
870 1887 971 1967 ι(υνά).
1002 1887 1085 1950 Item
1111 1885 1254 1960 Orestes
1278 1889 1336 1967 qui

171 2085 173 2090 Ι
211 1999 376 2081 Apollinis
400 2002 489 2061 iussu
513 2010 638 2081 patrem
661 2000 818 2076 ultusest,
832 1999 989 2062 horrificis
1004 2000 1337 2063 malaeconscientiae
1429 2008 1433 2014 ’

212 2113 410 2196 imaginibus
441 2114 644 2195 propellitur.
670 2115 785 2195 Itaque
809 2113 998 2196 Aeschylus
1020 2117 1135 2196 procul
1159 2114 1273 2188 abluit,
1299 2124 1336 2177 ut

212 2229 312 2289 deum
336 2228 528 2308 impuritatis
552 2237 608 2289 aut
620 2228 755 2289 iniuriae
768 2236 935 2303 accusaret
947 2236 989 2304 et,
1003 2228 1201 2308 ubicumque
1214 2228 1333 2308 potuit,

214 2341 276 2401 Dei
302 2340 506 2401 sanctitatem
531 2349 562 2401 et
586 2341 741 2401 iustitiam
766 2340 949 2403 celebravit.

257 2569 426 2630 Hactenus
439 2568 538 2648 igitur
551 2567 698 2628 videmus
712 2568 865 2629 iustitiam
879 2568 1022 2630 divinam
1032 2568 1335 2650 apudAeschylum

211 2683 333 2745 salvam
358 2702 438 2757 esse,
463 2701 550 2742 nunc
574 2682 636 2743 iam
661 2683 693 2742 in
717 2702 756 2742 eo
781 2691 839 2756 est,
865 2691 899 2743 ut
923 2703 1130 2763 quaeramus,
1155 2683 1237 2743 sitne
1250 2682 1333 2744 deus

213 2797 318 2858 iustus
354 2798 386 2857 in
421 2789 516 2858 bonis
540 2805 572 2857 et
596 2794 690 2856 malis
714 2796 796 2857 inter
820 2794 969 2857 homines
992 2796 1236 2869 distribuendis,
1260 2797 1280 2856 i.
1306 2818 1336 2859 e.

211 2919 472 2989 prosequaturne
504 2910 584 2970 deus
608 2931 719 2971 amore
743 2919 775 2972 et
798 2910 1027 2971 benevolentia
1050 2930 1116 2984 eoa,
1142 2911 1196 2990 qui
1222 2920 1337 2990 parent

211 3020 338 3103 legibus
361 3023 433 3097 illis,
458 3024 499 3084 de
523 3024 641 3103 quibus
664 3044 763 3104 supra
787 3044 894 3085 sermo
919 3034 996 3097 erat,
1017 3025 1195 3105 puniatque
1208 3045 1337 3105 semper

212 3158 268 3198 eos
293 3136 391 3212 solos,
417 3137 473 3218 qui
498 3136 557 3196 has
580 3136 669 3217 leges
694 3137 895 3218 neglegunt?
920 3137 1068 3199 Postulat
1091 3139 1178 3199 enim
1204 3139 1336 3216 iustitia,

211 3250 361 3311 homines
397 3258 432 3312 ut
468 3251 650 3311 mercedem
681 3271 816 3312 suorum
841 3252 980 3331 quisque
1004 3271 1141 3331 operum
1165 3252 1335 3331 accipiant.

211 3363 266 3426 Sic
301 3363 509 3445 Aeschylum
535 3384 667 3444 quoque
691 3365 855 3425 censuisse
879 3363 989 3425 multis
1013 3384 1055 3426 ex
1079 3364 1159 3425 locis
1184 3364 1335 3440 cernitur,

211 3480 244 3539 in
268 3499 334 3559 qua
357 3477 520 3558 opinione,
546 3485 580 3538 ut
604 3496 701 3557 supra
726 3478 788 3538 iam
811 3477 1117 3551 demonstravimus
1131 3478 1194 3538 hoc
1207 3486 1335 3538 tantum

213 3591 466 3673 vituperandum
490 3600 549 3666 est,
575 3591 664 3672 quod
689 3589 839 3652 homines
863 3590 1042 3672 Aeschylei
1067 3592 1177 3672 aliqua
1196 3599 1336 3671 accepta

210 3706 325 3766 iniuria
347 3713 463 3786 putant
486 3704 546 3766 sibi
571 3704 668 3766 licere
692 3725 751 3766 sua
772 3713 887 3786 sponte
900 3705 1038 3766 iustitiae
1052 3704 1179 3766 divinae
1193 3705 1335 3765 existere

213 3821 388 3883 ministros

257 3934 366 3994 Deum
392 3935 491 4014 igitur
515 3932 610 3994 bonis
634 3933 812 4013 propitium
836 3953 907 3994 esse
931 3933 1004 3994 inde
1028 3940 1172 4012 apparet,
1198 3929 1288 4012 quod
1302 3931 1334 4006 ii,

211 4048 266 4128 qui
294 4046 372 4108 deos
396 4056 600 4120 venerantur,
630 4043 808 4126 plurimum
833 4045 940 4107 valere
964 4046 1117 4107 dicuntur
1144 4045 1226 4118 Sept.
1254 4059 1332 4124 579:

247 4293 269 4359 ι)
288 4293 353 4341 Vide
370 4293 460 4355 Agant.
482 4305 645 4353 1241-1244
663 4294 696 4358 (p.
719 4292 782 4359 130),
799 4294 841 4342 ubi
860 4295 921 4342 dens
939 4294 1004 4342 hanc
1019 4310 1103 4342 necem
1116 4292 1330 4341 voluissedicitur·.
