3106 4822
633 1113 788 1180 CAPUT
812 1117 872 1178 IV.

223 1313 330 1395 QUAE
355 1327 410 1376 SIT
434 1327 549 1377 SUMMl
572 1328 635 1376 DEI
658 1316 871 1378 AESCHYLEI
893 1330 1044 1379 NATURA
1067 1331 1287 1394 QUAERITUR.

240 1812 419 1892 Postquam
444 1811 666 1892 superioribus
686 1811 847 1891 capitibus
869 1811 1010 1873 vidimus
1024 1812 1137 1874 Iovem
1151 1832 1316 1874 summum

193 1944 231 1991 ac
255 1948 359 2009 paene
384 1914 515 1988 unicum
540 1926 639 1986 deum
662 1926 751 2006 apud
775 1924 980 2006 Aeschylum
1000 1946 1081 2003 esse,
1096 1926 1147 1988 hic
1161 1947 1318 2008 quaeren-

196 2043 277 2104 dum
313 2041 409 2102 nobis
453 2047 511 2114 est,
546 2038 676 2120 qualem
713 2038 801 2101 hunc
840 2041 939 2102 deum
975 2059 1047 2102 esse
1082 2041 1318 2102 existimemus
1405 2118 1407 2122 Ι

197 2157 297 2217 Estne
320 2174 471 2236 persona,
496 2162 531 2215 ut
555 2154 714 2229 homines,
739 2153 788 2214 sui
814 2154 955 2228 conscia,
967 2173 1085 2228 annon,
1099 2164 1190 2216 estne
1201 2153 1319 2236 aliquis

194 2289 235 2331 an
260 2269 371 2350 potius
393 2267 541 2348 aliquid?
566 2267 664 2329 Dicat
687 2266 824 2329 fortasse
847 2266 962 2349 aliquis
985 2267 1049 2330 hoc
1065 2256 1318 2349 satissuperque

196 2382 387 2463 apparuisse.
407 2400 450 2442 ex
474 2381 512 2442 iis
537 2379 629 2455 lociS,
654 2401 738 2462 quos
759 2381 790 2442 in
805 2381 963 2463 capitede
976 2379 1144 2463 Aeschylo
1158 2383 1252 2443 unius
1266 2381 1318 2442 dei
1389 2400 1391 2404 ·

196 2497 322 2560 cultore
344 2495 574 2576 percurrimus
621 2495 664 2557 Et
686 2496 733 2557 sic
759 2496 892 2576 quidem
916 2496 1017 2558 videri
1041 2498 1155 2577 possit.
1201 2493 1318 2558 Obicio

193 2611 306 2671 lamen
349 2608 381 2669 Ιο
417 2607 506 2688 apud
550 2607 756 2690 Aeschylum
798 2609 975 2671 nonnullos
1018 2610 1110 2671 locos
1148 2629 1319 2671 occurrere

195 2723 326 2803 (partim
362 2722 425 2783 iam
463 2719 637 2811 laudatos),
674 2722 729 2783 ubi
765 2723 835 2802 ipsa
870 2724 1005 2784 materia
1040 2723 1121 2785 deus
1158 2743 1229 2784 esse
1263 2730 1320 2784 aut

196 2836 312 2898 saltem
337 2835 436 2897 deum
460 2834 625 2896 continere
650 2835 814 2911 videatur;
839 2835 891 2896 ΙΙ0
917 2835 1075 2917 Aeschyli
1096 2838 1195 2918 ipsius
1215 2844 1322 2898 aetate

196 2951 345 3014 homines
370 2948 479 3026 luisse,
505 2927 560 3031 qui
585 2951 684 3010 deum
708 2949 855 3010 animum
872 2949 986 3010 mundi
1006 2949 1217 3030 appellarent,
1239 2953 1322 3014 inter

196 3064 257 3126 hos
283 3061 516 3144 Pythagoram,
546 3063 573 3144 ι)
598 3063 690 3124 cuius
711 3062 893 3124 doctrinam
906 3062 1113 3143 Aeschylum
1128 3065 1319 3146 amplexum

197 3198 270 3240 esse
313 3175 430 3239 Cicero
465 3176 631 3259 perhibct;
665 3176 695 3259 2)
742 3176 811 3237 111⁰
846 3176 988 3257 denique
1023 3198 1081 3239 eos
1117 3180 1229 3255 etiam,
1265 3181 1321 3262 qui

198 3300 312 3373 postea
346 3291 550 3372 pantheistae
585 3289 736 3372 appellati
770 3299 856 3366 sunt,
888 3311 986 3372 saepe
1013 3292 1054 3353 de
1078 3293 1141 3353 deo
1166 3302 1321 3374 tanquam

199 3405 240 3467 de
274 3425 414 3486 persona
449 3404 578 3467 locutos
613 3424 685 3466 esse
720 3404 819 3486 idque
854 3406 887 3467 in
922 3408 1038 3486 po'etis,
1073 3408 1128 3488 qui
1160 3415 1192 3468 et
1216 3426 1266 3468 res
1290 3406 1322 3467 e't

199 3537 305 3579 meras
338 3518 429 3580 ideas
461 3521 492 3581 in
516 3521 594 3580 deos
618 3527 716 3599 atque
739 3539 897 3600 personas
923 3529 1047 3582 vertere
1071 3528 1191 3590 ament,
1217 3518 1322 3580 multo

203 3633 310 3693 minus
335 3629 508 3694 offendere.

247 3745 339 3821 Loci,
362 3745 404 3807 ad
429 3764 514 3824 quos
537 3766 635 3826 supra
659 3744 764 3821 allusi,
779 3754 866 3806 vsunt
889 3743 944 3805 hi:

237 3953 259 4019 ι)
277 3952 330 4001 Cic.
350 3953 426 4000 Deor.
445 3952 504 4000 Nat.
522 3952 545 4013 I,
563 3964 608 4014 27:
627 3952 800 4014 „Pythagoras
817 3977 851 3987 -
868 3950 964 3999 censuit
981 3951 1092 3999 animum
1110 3967 1162 4000 esse
1180 3952 1222 4016 (sc.
1241 3953 1327 4016 deum)

202 4061 246 4109 per
270 4053 384 4092 naturam
408 4059 490 4092 rerum
513 4057 613 4090 omnem
638 4042 758 4092 intentum
783 4051 807 4092 et
830 4050 1019 4109 commeantem,
1036 4058 1067 4090 ex
1087 4059 1137 4106 quo
1155 4045 1232 4092 nostri
1250 4036 1328 4094 animi

201 4138 359 4201 carperentur
376 4135 468 4200 (Rilter
486 4142 510 4182 et
528 4133 630 4191 Preller‚
650 4134 717 4182 flisr.
735 4134 827 4198 philos.
846 4134 944 4191 Graec„
961 4151 985 4198 p,
1003 4134 1053 4199 61).

236 4227 260 4292 2)
279 4227 352 4275 Tusc.
379 4225 444 4288 disp.
472 4237 495 4282 2,
524 4238 565 4273 10:
593 4223 702 4282 „Veniat
728 4223 877 4288 Aeschylus,
903 4239 954 4271 non
980 4232 1054 4288 poeta
1078 4224 1159 4272 solum
1183 4226 1228 4275 sed
1252 4227 1326 4275 eliam

202 4318 384 4382 Pythagoreus,
402 4316 437 4363 sic
454 4315 521 4364 enim
540 4315 705 4379 accepimus.'’
723 4315 785 4380 (Cir.
803 4330 914 4379 prooem.
932 4331 957 4378 p.
979 4313 1026 4381 14).
