3106 4822
749 240 791 307 72

211 415 350 497 Erinyes
374 414 511 476 sortasse
535 411 700 475 debebant
723 412 877 489 nubibus,
902 432 987 495 quae
1011 413 1199 478 hominibus
1223 417 1337 480 credu-

210 529 246 592 lis
281 527 360 591 olim
395 528 427 590 in
458 535 604 590 monstra
637 527 726 590 abire
762 528 963 591 videbantur.
994 528 1023 611 1)
1057 527 1124 591 Sed
1157 532 1232 612 quia
1255 530 1337 594 haec

209 644 386 706 formarum
421 642 560 705 varietas
598 642 720 723 optime
758 642 790 703 in
812 648 930 723 poetae
955 642 995 705 de
1020 643 1125 706 Furiis
1150 645 1337 726 opinionem

212 756 402 841 quadrabat,
437 755 662 819 admirabilem
698 756 731 818 in
767 755 902 818 modum
938 755 988 818 his
1019 755 1116 819 variis
1140 758 1338 839 imaginibus

214 892 292 935 usus
316 879 375 948 est,
400 870 519 953 quibus
542 869 632 952 quod
656 869 824 945 sentiebat,
848 870 976 952 po‘e'tice
999 872 1206 953 exprimeret.

257 986 396 1068 Erinyes
419 985 517 1066 igitur
540 1003 668 1065 semper
692 991 821 1046 exstant
832 992 864 1046 et
878 984 1008 1062 adsunt,
1023 985 1209 1066 ubieunque
1221 984 1338 1068 aliquis

213 1120 253 1164 ex
278 1101 381 1183 impio
405 1108 437 1162 et
449 1099 573 1161 nefario
587 1099 729 1161 facinore
743 1098 905 1161 maculam
919 1099 1080 1180 concepit.
1105 1099 1205 1163 Unde
1217 1099 1338 1163 factum

213 1224 273 1294 est,
298 1223 333 1277 ut
356 1215 424 1296 ipse
447 1213 537 1290 Ζεύς,
562 1215 683 1295 quippe
708 1213 764 1295 qui
784 1221 914 1294 patrem
939 1216 1062 1294 Κρόνον
1082 1214 1250 1296 vinxisset,
1263 1234 1339 1277 suas

213 1328 334 1392 habere
368 1327 509 1408 Erinyes
543 1327 714 1401 diceretur,
747 1335 779 1389 et
801 1324 863 1389 hae
888 1327 968 1389 deae
992 1348 1030 1390 ea
1054 1347 1097 1389 ex
1120 1335 1211 1409 parte
1236 1328 1339 1390 fatum

215 1444 303 1506 Iovis
326 1441 570 1517 constituerent,
595 1440 614 1504 i.
636 1460 664 1502 e.
688 1438 751 1502 hoc
771 1448 915 1521 agerent,
937 1447 972 1502 ut
985 1441 1064 1511 Ζεύς
1077 1461 1155 1503 suae
1169 1441 1341 1523 impietatis

213 1576 337 1638 poenas
371 1553 521 1616 solveret.
547 1557 577 1630 2)
624 1553 712 1615 Nam
747 1555 815 1635 ipse
850 1552 1065 1616 Prometheus
1101 1554 1178 1617 dicit
1203 1554 1236 1637 3)
1261 1554 1341 1618 illud

216 1669 472 1744 matrimonium,
509 1668 598 1750 quod
634 1668 704 1730 lovi
739 1666 834 1732 fatale
858 1651 954 1744 esset,
978 1670 1006 1730 ei
1031 1669 1200 1732 imminere
1224 1690 1267 1731 ex
1290 1689 1342 1747 e0‚

219 1782 308 1866 quod
343 1783 443 1863 patris
478 1783 602 1862 Κρόνου
634 1802 711 1843 eum
734 1790 984 1863 persequeretur
1008 1780 1080 1862 (ἱρά,
1104 1782 1226 1865 4)’νεΙ,
1250 1781 1342 1864 quod

216 1899 304 1961 idem
328 1905 388 1974 est,
413 1897 541 1979 Erinys.
568 1896 598 1978 5)
645 1895 710 1960 Sed
734 1897 824 1979 quid,
848 1897 939 1980 quod
964 1898 1115 1980 Erinyes,
1140 1919 1340 1981 quamquam

217 2014 287 2073 θεοὶ
322 2007 515 2092 notularum
551 2019 636 2085 sunt,
672 2032 757 2093 quae
793 2033 900 2090 suum,
921 2033 1041 2080 munus
1066 2011 1186 2075 habent
1210 2031 1249 2074 ex
1276 2031 1342 2093 quo

217 2135 293 2189 sunt
328 2133 430 2201 natae,
454 2122 518 2186 hoc
543 2143 663 2186 munus
687 2133 797 2187 tamen
820 2146 839 2188 a
863 2125 924 2187 diis
949 2131 1170 2207 acceperunt?
1205 2123 1343 2188 Constat

218 2239 251 2301 in
282 2235 506 2299 Eumenidibus
541 2235 584 2298 illi
626 2239 759 2319 antiquo
795 2239 889 2315 mori,
935 2260 1001 2322 quo
1036 2240 1069 2301 in
1108 2260 1167 2302 sua
1204 2240 1344 2321 quisque

218 2371 316 2413 causa
339 2357 408 2411 erat
430 2349 542 2425 iudex,
566 2349 705 2412 salutare
729 2351 922 2428 institutum,
947 2353 999 2414 cui
1020 2372 1141 2415 nornen
1152 2352 1344 2432 Areopago,

218 2464 350 2546 opponi.
375 2461 453 2542 Quo
475 2462 597 2524 sactum
621 2471 680 2540 est,
706 2471 741 2525 ut
763 2464 963 2547 Aeschylus,
984 2487 1185 2549 quamquam
1207 2467 1345 2550 Erinyes

219 2581 247 2643 ei
283 2577 525 2660 προσωποποιία
559 2597 720 2659 angorum
766 2579 865 2641 animi
914 2581 1031 2662 quovis
1074 2581 1196 2644 scelere
1230 2581 1344 2663 agitati

220 2701 320 2769 erant,
354 2711 409 2754 eas
444 2693 476 2754 in
510 2688 572 2752 hac
605 2691 774 2774 tragoedia
807 2694 981 2774 praecipue
1016 2694 1057 2756 ad
1092 2693 1184 2757 illum
1219 2695 1344 2758 tristem

218 2808 504 2893 perniciosumque
542 2824 667 2867 morem
703 2805 842 2868 referret.
889 2807 935 2870 Ut
965 2808 1064 2888 igitur
1093 2806 1146 2870 hic
1170 2829 1243 2871 mos
1267 2809 1345 2870 iuris

220 2921 374 2984 naturalis
398 2920 561 3001 antiquior
584 2928 652 2981 erat
674 2938 773 3000 quam
798 2919 1005 3002 AreopaguS,
1030 2922 1085 3004 qui
1108 2920 1195 2985 hunc
1220 2907 1345 2985 morem

221 3034 360 3111 sustulit,
390 3034 437 3094 sie
468 3033 616 3115 Erinyes
641 3053 825 3115 quaecum
849 3033 913 3102 hoc
938 3055 1039 3112 more,
1064 3035 1119 3098 ubi
1144 3037 1186 3098 ad
1209 3057 1346 3099 consan-
1411 3029 1412 3034 ¹

221 3150 360 3232 guineos
394 3146 629 3229 applicabatur,
653 3168 781 3230 semper
805 3149 997 3212 coniunctae
1022 3158 1121 3228 erant,
1146 3151 1346 3233 antiquiores

222 3261 450 3345 cogitabantur
473 3282 573 3343 quam
597 3260 641 3323 dii
666 3259 843 3345 Olympici,
868 3283 1008 3344 quorum
1033 3283 1171 3344 regnum
1194 3264 1226 3325 in
1240 3265 1347 3346 magis

222 3377 347 3440 erudita
370 3385 519 3458 tempora
542 3376 665 3440 incidit.
696 3376 772 3438 Hoc
796 3376 897 3438 modo
921 3375 1027 3438 solum
1051 3375 1240 3459 Aeschylus
1266 3376 1347 3439 illud

222 3487 362 3551 παλαιοῦ
397 3511 517 3554 nomen
552 3494 634 3554 tueri
664 3492 782 3573 potuit,
814 3512 889 3554 nam
913 3491 988 3554 licet
1012 3492 1043 3554 in
1068 3490 1191 3574 mythis
1216 3489 1347 3554 Graecis

259 3750 281 3809 1)
301 3752 364 3801 Vide
381 3766 445 3816 quae
464 3751 537 3815 Rapp
554 3749 586 3798 de
603 3750 650 3798 hac
667 3765 693 3799 re
710 3750 809 3814 scripsit
826 3751 852 3798 in
869 3751 955 3799 lexico
972 3753 1013 3801 W.
1032 3752 1068 3803 H.
1087 3751 1210 3800 Roscheri
1228 3750 1261 3816 (p.
1284 3761 1349 3811 1310

223 3852 247 3892 et
273 3859 337 3908 quae
361 3849 505 3908 sequuntur.
525 3842 565 3890 De
583 3842 720 3891 Pausaniae
738 3842 865 3906 opinione,
892 3843 1045 3907 Aeschylum
1062 3843 1171 3908 primum
1189 3858 1285 3907 angues
1304 3858 1349 3906 pro

223 3936 331 3984 crinibus
350 3935 431 3983 Furiis
448 3934 545 3983 dedisse
562 3951 587 3998 p.
608 3932 689 3999 1313).

257 4030 282 4089 2)
301 4028 342 4077 Sic
359 4027 436 4075 etiam
453 4026 573 4086 Klausen,
592 4042 616 4090 p.
633 4039 674 4086 41.

258 4119 283 4184 3)
300 4120 388 4167 Prom.
404 4097 535 4180 909-'911
556 4117 624 4184 (vide
641 4135 665 4183 p.
684 4117 734 4185 57).

257 4210 284 4277 4)
301 4210 367 4258 Vide
384 4216 468 4258 tamen
485 4227 514 4275 p.
530 4211 562 4273 58
580 4217 664 4261 annot.
682 4211 711 4259 ΙΙ
729 4211 802 4260 huius
819 4211 885 4262 libri.

258 4302 283 4368 5)
300 4303 381 4354 Eum.
396 4315 445 4364 413
462 4303 547 4370 Ἀραὶ
566 4302 592 4348 δ’
611 4303 640 4351 ἐν
658 4303 735 4362 oluere
755 4309 804 4370 γῆς
823 4306 890 4354 ὑπαὶ
911 4303 1079 4370 κεκλήμεθα.
