3106 4822
680 1054 881 1159 CAPUT
919 1059 975 1124 111.

319 1257 369 1305 DE
392 1257 558 1307 ERINYUM
582 1258 621 1305 IN
644 1258 822 1308 AESCHYLI
846 1260 996 1310 FABULIS
1020 1260 1324 1312 SIGNIFICATIONE.

307 1615 400 1686 Τίνες
436 1617 508 1676 ποτ’
541 1615 625 1693 imi,-
659 1618 762 1681 Hisce
786 1618 891 1681 verbis
915 1619 1063 1681 Minerva
1085 1617 1263 1701 alloquitur
1286 1621 1379 1685 Eum.

257 1714 324 1809 404
348 1730 496 1813 Erinyes,
520 1751 605 1813 quae
629 1732 826 1813 respondent
849 1755 878 1794 v.
902 1749 984 1810 411:

437 1847 537 1927 πιόοη
562 1845 603 1904 τό
628 1848 740 1904 πάντα
763 1848 935 1923 συντόμως,
961 1845 1037 1916 Λιό,ὶ
1060 1848 1142 1925 κόρη.

233 1938 236 1943 ¹
301 1959 350 2021 At
374 1968 550 2042 postquam
574 1959 616 2020 τὰ
640 1963 751 2020 πάντα
773 1981 849 2022 cum
873 1960 1019 2022 Minerva
1042 1961 1378 2039 communicaverunt,

257 2093 315 2134 nos
339 2094 405 2136 non
428 2094 607 2156 possumus
631 2074 748 2151 facere,
773 2075 852 2156 quin
875 2075 992 2136 iterum
1006 2093 1176 2156 rogemus:
1202 2072 1286 2146 riva„¹
1305 2078 1378 2135 ποτ’

257 2185 341 2263 ior&
365 2189 416 2250 En
438 2196 527 2251 totus
550 2187 644 2250 locus
669 2188 732 2271 (vv.
757 2188 963 2270 411—419):

351 2305 423 2362 XO.
461 2305 561 2386 ιτεόοη
586 2302 628 2361 τὰ
653 2305 767 2361 πάντα
792 2304 966 2382 συντόμως,
992 2302 1067 2374 Διὸς
1092 2305 1174 2383 κόρη.

462 2421 548 2496 ἡμεῖς
570 2418 629 2495 γάρ
656 2417 746 2495 ἐσμεν
771 2420 811 2479 N
813 2420 905 2488 οκτός
930 2418 1025 2495 αιάνῆ
1050 2415 1154 2478 τέκνα.

414 2602 416 2607 ,
461 2522 553 2610 Άραὶ
577 2526 604 2589 δ’
629 2529 662 2589 ἐν
687 2527 782 2601 οἴκοις
806 2535 861 2608 γῆς
883 2533 965 2594 όιταὶ
988 2528 1177 2611 κεκλημιθα.

343 2643 421 2706 ΑΘ.
456 2641 545 2721 γένος
567 2644 622 2722 μὲν
646 2634 719 2704 οἶδα
743 2640 897 2724 κληδόνας
920 2648 950 2704 τ’
975 2645 1168 2723 ἐπωνύμους.

348 2762 420 2820 XO.
456 2761 551 2837 τιμά,·
574 2781 606 2834 γε
630 2758 685 2836 μὲν
710 2754 746 2836 δὴ
773 2758 832 2829 τὰς
857 2759 931 2836 ἐμὰς
955 2759 1056 2842 πεόση
1080 2761 1173 2840 τάχα.

341 2873 420 2936 ΑΘ.
454 2875 589 2952 μάθοιμ’
612 2875 664 2950 ἄν,
690 2872 716 2932 εἰ
739 2869 823 2948 λέγοι
848 2896 897 2944 τις
921 2872 1045 2953 ἐμφανῆ
1069 2869 1172 2949 λόγον.

348 2991 420 3048 XO.
455 2988 746 3071 βροτοκτονοῦντας
771 2986 804 3046 ἐκ
829 2983 933 3066 δόμων
957 2983 1141 3065 ἐλαύνομεν.

340 3100 418 3164 ΑΘ.
455 3101 575 3181 καὶτῷ
600 3103 752 3161 κτανόντι
777 3102 840 3160 ποῦ
864 3100 901 3160 τό
925 3098 1022 3180 τέρμα
1045 3105 1101 3179 τῆς
1124 3105 1238 3180 φυγῆς,·

334 3215 419 3277 ’Χο.
455 3215 536 3275 ὅπου
561 3215 597 3275 τό
621 3213 742 3296 χαίρειν
765 3211 910 3295 μηδαμοῦ
935 3214 1107 3295 νομίζεται.

296 3329 379 3394 Sunt
412 3330 512 3412 igitur
545 3327 628 3391 filiae
663 3327 790 3405 Noctis,
821 3326 967 3392 habitant
990 3330 1051 3392 sub
1075 3338 1170 3407 terra,
1196 3328 1250 3392 ubi
1278 3327 1371 3410 Ἀραὶ

251 3451 419 3522 vocantur,
443 3441 625 3506 homicidas
648 3451 758 3505 autem
782 3443 883 3505 domo
908 3442 1075 3525 expellunt
1097 3452 1130 3506 et
1153 3443 1371 3525 insequuntur

252 3579 355 3641 usque
389 3579 444 3649 οο,ι
475 3557 530 3621 ubi
565 3557 671 3620 omnis
706 3556 879 3620 delectatio
915 3557 1029 3620 abesse
1065 3557 1159 3622 solet.
1194 3555 1262 3621 Sed
1290 3555 1371 3619 haec

249 3674 279 3736 1⁰
310 3674 443 3736 minime
477 3671 653 3749 sufficiunt,
686 3671 771 3733 unde
794 3690 849 3733 eas
872 3679 958 3735 totas
982 3693 1231 3756 cognoscamus,
1255 3671 1300 3733 11⁰
1323 3690 1370 3734 re-

249 3763 397 3868 pugnare
420 3786 571 3850 videntur
593 3784 664 3848 aliis
688 3784 817 3846 illarum
841 3784 1021 3848 sententiis.

295 3899 396 3980 Quod
431 3899 500 3961 dixi
534 3919 599 3961 non
631 3897 777 3960 sufficere
808 3897 852 3974 id,
884 3897 974 3980 quod
1003 3897 1143 3978 Erinyes
1174 3894 1248 3959 loco
1272 3916 1370 3978 supra

249 4010 382 4073 laudato
417 4011 458 4074 de
487 4033 522 4074 se
552 4013 642 4093 ipsae
677 4011 873 4093 praedicent,
904 4010 969 4073 hoc
993 4011 1057 4074 iam
1087 4031 1130 4073 ex
1159 4031 1199 4073 eo
1222 4019 1368 4093 apparet,

245 4123 340 4205 >quod
374 4124 436 4186 alia
470 4123 540 4186 aliis
575 4124 656 4186 locis
687 4124 729 4187 de
759 4125 796 4186 iis
821 4124 984 4205 leguntur,
1008 4143 1149 4205 quorum
1174 4143 1240 4187 non
1263 4124 1368 4186 minus

248 4237 309 4299 erit
330 4235 480 4300 habenda
503 4238 595 4301 ratio,
618 4236 684 4299 Sed
708 4235 812 4299 multo
837 4255 887 4298 res
911 4236 945 4299 fit
968 4235 1131 4298 difficilior
1153 4256 1204 4314 e0,
1225 4237 1315 4319 quod
1334 4234 1367 4299 hi

247 4351 327 4413 varii
361 4350 423 4411 loci
458 4369 523 4411 non
558 4369 674 4431 parum
709 4349 792 4413 inter
823 4370 858 4410 se
890 4350 1071 4431 discrepare
1100 4347 1260 4426 videntur,
1284 4370 1367 4432 quae
