3106 4822
750 279 810 343 ¹39

212 452 380 526 obtrectet,
415 451 473 512 sed
509 450 570 512 hoc
605 451 725 532 potiuS,
761 471 839 513 num
876 451 901 510 is
936 470 969 510 se
1007 448 1069 510 hoc
1101 448 1205 511 lacere
1230 455 1333 530 putet.

196 565 309 646 'Quod
346 587 545 648 quamquam
570 585 667 626 nemo
690 565 883 626 addubitare
907 553 1022 644 potest,
1048 564 1209 644 nobisque
1234 563 1333 643 igitur

211 681 273 741 iam
298 680 373 743 licet
396 681 554 742 contentis
578 700 660 754 esse,
685 689 793 740 tamen
817 679 950 739 minime
974 679 1071 740 credo
1095 677 1174 751 haec
1190 679 1332 757 Agame·

211 794 338 854 mnonis
363 793 463 855 verba
486 800 602 875 po'etac
626 802 769 854 mentem
793 792 976 872 exprimere
1000 791 1057 852 sed
1081 792 1190 872 potius
1211 791 1333 851 adeius

210 915 313 969 artem
338 907 500 987 pertinere
524 907 625 969 etsie
649 907 792 987 quidem,
817 915 851 968 ut
864 905 1051 986 Aeschylus
1064 904 1334 966 excellentissime

212 1022 332 1082 ironiae
355 1021 508 1102 tragicae,
533 1040 632 1101 quam
657 1021 780 1095 dicunt,
805 1020 1014 1082 consuluerit.
1052 1020 1145 1080 Idem
1170 1018 1265 1080 enim·
1281 1015 1334 1077 ille

212 1134 457 1214 Agamemnon,
483 1135 538 1214 qui
562 1133 688 1223 aliquot
711 1143 786 1195 ante
809 1135 900 1195 annis
925 1134 986 1214 ipsi
1008 1132 1090 1198 filiae
1103 1153 1168 1194 non
1181 1131 1334 1214 pepercit,

212 1248 269 1308 sed
293 1268 404 1309 amore
428 1258 563 1328 paterno
588 1247 714 1309 abiecto
728 1247 950 1310 crudelissime
964 1268 1038 1309 eam
1050 1247 1233 1322 trucidavit,
1248 1266 1333 1306 nunc

162 1358 166 1364 ’
211 1382 269 1442 per
292 1370 434 1441 tapetem
459 1362 583 1442 ingredi
609 1361 753 1437 dubitat;
780 1363 834 1442 qui
859 1370 955 1423 antea
978 1362 1122 1423 diuinam
1143 1361 1223 1421 iram
1237 1368 1334 1440 atque

211 1476 365 1537 iustitiam
406 1475 510 1550 clusit,
552 1479 783 1558 propriamque
827 1475 964 1556 gloriam
1007 1475 1079 1537 vitis
1115 1473 1332 1554 complurium

211 1589 336 1650 milium
362 1587 561 1650 Graecorum
586 1589 782 1664 anteposuit,
807 1609 892 1650 nunc
917 1589 1042 1660 metuit,
1068 1609 1108 1650 ne
1120 1596 1253 1669 propter
1266 1607 1332 1648 rem

210 1702 325 1764 tantuli
350 1704 506 1764 momenti
526 1703 582 1774 ,dei
608 1704 761 1765 invidiam
787 1704 918 1776 excitet,
943 1704 987 1764 ita
1013 1711 1057 1774 ut,
1084 1703 1179 1763 uxori
1200 1701 1332 1762 tandem

211 1817 395 1898 indulgenS,
420 1816 502 1878 hanc
523 1837 655 1898 precem
679 1816 843 1877 exclamet
868 1817 930 1896 (vv.
955 1815 1164 1895 910--911):

367 1931 419 1989 καὶ
445 1927 546 1989 τοῖσδέ
569 1929 601 2007 μ’
628 1927 814 2013 ἐμβαίνονθ’
838 1925 1023 2008 ἁλουργέσιν
1047 1930 1133 1990 θεῶν

367 2048 407 2121 μή
432 2065 480 2114 τις
505 2046 670 2123 πρόσωθεν
695 2045 836 2121 ὄμματος
860 2039 952 2126 βάλοι
978 2044 1107 2120 φθόνος.
1192 2036 1195 2041 ⁴

257 2159 435 2240 Postquam
484 2159 625 2239 denique
662 2160 693 2219 in
730 2158 853 2220 bellum
888 2157 1097 2239 proficiscens
1133 2156 1267 2218 libenter
1303 2156 1333 2216 in

212 2272 339 2350 magnis
363 2273 521 2352 peccavit,
546 2293 632 2333 nunc
655 2273 718 2333 iam
733 2272 903 2333 incolumis
917 2271 1054 2339 rediens,
1068 2271 1178 2331 omnia
1190 2268 1334 2350 pericula

211 2405 394 2464 perpessus
406 2385 550 2464 paruulis
564 2386 595 2446 in
610 2386 706 2447 rebus
720 2386 813 2446 nimis
827 2386 959 2447 ridicule
973 2386 1032 2446 diis
1045 2385 1174 2466 placere·
1187 2392 1333 2445 conatur.

213 2497 323 2577 Quam
360 2498 503 2560 demisso
538 2501 648 2561 animo
683 2500 784 2580 igitur
818 2499 872 2561 ille
905 2520 962 2559 rex
995 2498 1333 2579 magnificentissimus

211 2619 310 2692 atque
344 2613 603 2693 potentissimuS,
633 2621 728 2675 antea
752 2613 842 2674 nullo
865 2614 982 2674 timore
1006 2614 1122 2686 victuS,
1148 2613 1210 2673 iam
1236 2610 1332 2671 redit!

212 2725 282 2788 Nec
307 2727 435 2789 mirum.
462 2727 562 2788 Filiae
586 2728 702 2789 caedes
726 2749 802 2789 eum
828 2727 956 2789 mordet
979 2736 1078 2808 atque
1101 2728 1202 2805 angit,
1226 2727 1334 2806 itaque

212 2841 314 2901 credit
349 2842 423 2902 inde
454 2840 598 2920 pericula
629 2841 688 2901 sibi
724 2842 902 2915 imminere,
939 2841 992 2900 ubi
1017 2860 1055 2900 ea
1079 2860 1144 2900 non
1168 2847 1253 2914 sunt,
1280 2837 1333 2897 ubi

211 2961 321 3015 autem
345 2956 409 3016 iam
434 2956 465 3015 in
490 2963 561 3016 tuto
586 2975 654 3014 esse
678 2974 712 3015 se
725 2961 827 3034 putat,
843 2963 913 3015 tum
926 2953 997 3015 talis
1011 2954 1038 3014 ei
1053 2953 1171 3014 vindex
1186 2950 1333 3026 mittitur,

212 3069 343 3149 qualern
369 3069 502 3129 minime
527 3069 688 3148 sperabat.

257 3181 468 3264 Quamquam
502 3183 601 3263 igitur
632 3200 696 3244 vox
721 3202 805 3262 quae
829 3190 878 3243 est
901 3185 1020 3257 odora·
1045 3183 1074 3242 in
1102 3181 1335 3258 Agauzenmoae

213 3295 312 3356 semel
337 3305 436 3377 atque
454 3298 571 3358 iterum
597 3297 747 3370 occurrit,
771 3305 880 3357 tamen
905 3296 957 3357 illa
981 3293 1333 3375 vulgarisuouio;,qui

211 3407 290 3468 deos
314 3409 445 3468 minime
468 3410 571 3483 decet,
594 3409 691 3490 plane
715 3408 924 3471 desideratur.

255 3521 293 3581 In
316 3521 506 3595 Prometheo,
532 3523 586 3584 ubi
610 3544 661 3583 res
686 3543 751 3583 nou
775 3524 857 3584 inter
880 3522 1030 3584 homines
1053 3523 1160 3601 agitur
1180 3520 1236 3580 sed
1251 3520 1334 3580 inler

212 3634 303 3709 deos,
328 3655 488 3714 nusquam
515 3636 555 3697 de
579 3636 640 3697 hac
664 3637 784 3698 invidia
807 3637 979 3716 cogitatur.
1004 3636 1216 3709 Voxqstoum
1231 3632 1331 3695 semel

212 3756 337 3809 tantum
364 3749 521 3828 reperitur
543 3771 573 3812 ν.
600 3752 681 3830 857:

480 3864 603 3939 φθόνον
629 3859 661 3922 δὲ
686 3865 842 3941 σωμάτων
866 3859 926 3934 ’ἕξει
951 3865 1035 3933 θεὸς.

258 3973 323 4035 Sed
360 3975 440 4035 haec
476 3975 575 4037 verba
598 3976 676 4038 nihil
701 3977 789 4037 uliud
813 3976 932 4053 valent,
958 3977 1016 4038 nisi
1042 3976 1130 4057 quod
1157 3975 1236 4039 deus
1261 3974 1333 4035 liliis

214 4088 362 4168 Aegypti
387 4089 632 4150 matrimonium
658 4089 842 4150 Danaidum
866 4110 983 4170 negare
1005 4089 1133 4163 dicitur,
1158 4107 1233 4147 nam
1254 4087 1334 4148 deus

213 4201 265 4261 hic
301 4221 366 4261 non
402 4202 522 4263 inuidet
557 4202 663 4263 bonae
697 4204 850 4284 cuiquam
887 4203 1044 4277 fortunae,
1082 4222 1180 4282 quam
1206 4200 1249 4261 illi
1275 4201 1332 4261 viri

213 4317 277 4378 sint
301 4317 395 4389 nacti,
421 4317 478 4376 sed
503 4325 601 4396 negat
626 4338 708 4392 cam,
733 4338 830 4398 quam
853 4327 977 4397 petunt.
